2040 3528
291 269 343 297 20
758 260 995 298 EPISTOLAE
1010 284 1012 286 -
1025 260 1356 313 M1xTAE—1043

301 365 555 428 Inscriptio:
594 370 625 422 †
663 365 727 411 Al
767 383 878 428 muy
920 366 1045 414 Rdo.
1085 371 1219 413 senor
1256 384 1285 429 y
1329 368 1477 415 Padre
1517 385 1571 414 en
1611 368 1814 428 Christo,
1836 369 1884 416 e}

235 438 287 486 P.
326 440 474 486 Mtro.
513 439 700 503 Ignacio
735 439 792 486 de
828 439 1029 503 Loyola,
1063 442 1298 504 preposito
1328 469 1393 476 —
1423 470 1487 476 —
1515 471 1580 477 —
1616 443 1888 507 Compafiia

235 514 292 560 de
316 513 434 574 Jhs„
459 530 514 559 en
543 515 709 560 Roma.
736 515 846 560 Alia
869 531 1019 562 manu:
1053 515 1160 563 R.<³²
1186 517 1211 561 a
1237 516 1302 561 los
1326 530 1390 575 30
1413 516 1470 562 de
1497 516 1646 564 Abril.

989 726 1131 760 1⁰43

664 810 898 847 MICHAEL
934 812 1121 850 SURIAN
1152 812 1292 850 CAVA
1300 812 1445 850 LLIER

554 899 772 946 PATRI
809 900 1108 947 IGNATIO
1147 902 1242 948 DE
1277 901 1563 948 LOYOLA

715 1004 910 1031 VENETns
940 1007 962 1044 3
993 1005 1195 1032 oc'romus
1229 1006 1328 1045 1555
1359 994 1390 1032 ¹.

300 1083 358 1120 De
378 1087 612 1120 testamento
632 1083 774 1131 Angeli
795 1084 966 1128 Suriani,
982 1085 1140 1132 juvenis
1161 1085 1309 1132 optimi,
1333 1085 1372 1121 in
1393 1085 1590 1122 Societate
1611 1086 1816 1124 demortui.

301 1188 426 1235 Rdo.
455 1188 615 1235 Padre.
644 1189 733 1235 Ho
759 1188 867 1235 Ietta
890 1206 981 1235 vna
1005 1189 1165 1236 lettera
1189 1190 1235 1236 di
1262 1190 1321 1236 V.
1348 1190 1388 1236 S.
1422 1191 1480 1236 de
1513 1190 1653 1256 xxviij
1682 1190 1756 1237 del
1781 1207 1886 1254 pas-

232 1274 329 1310 sato
347 1281 433 1310 con
455 1264 736 1327 merauiglia,
752 1275 797 1310 et
816 1281 897 1328 per
912 1265 984 1311 dir
1004 1264 1316 1323 libet-amente,
1333 1282 1420 1311 con
1436 1265 1691 1328 dispiacer'‚
1711 1266 1889 1328 perche

234 1339 447 1385 hauendo
489 1339 552 1384 fin
593 1356 685 1402 qua
724 1339 797 1385 dal
837 1351 973 1385 canto
1017 1350 1177 1385 nostro
1217 1351 1438 1386 mostrata
1480 1339 1630 1403 quella
1671 1340 1886 1404 maggior

232 1415 442 1461 sincerita
473 1414 556 1461 che
587 1415 620 1460 si
654 1431 801 1478 possa,
834 1431 928 1460 non
962 1414 1212 1461 solamente
1247 1427 1406 1461 trouar
1431 1415 1476 1460 in
1502 1414 1625 1471 altri,
1651 1431 1726 1461 ma
1760 1413 1888 1462 forte

234 1491 381 1536 ancho
405 1489 657 1552 imaginar’,
683 1506 790 1552 pare
813 1490 897 1535 che
920 1490 1065 1535 siamo
1104 1489 1149 1534 in
1179 1501 1304 1535 certo
1339 1490 1480 1535 modo
1512 1489 1708 1535 accusati
1739 1489 1800 1535 da
1824 1489 1885 1536 lei·

234 1564 316 1610 che
343 1564 631 1610 manchiamo
663 1563 736 1610 dal
766 1563 924 1610 debito
965 1575 1149 1623 nostro,
1183 1564 1256 1610 dal
1289 1563 1395 1628 qual
1426 1563 1489 1610 fin
1522 1563 1623 1627 qui,
1655 1563 1888 1627 parlando

233 1639 605 1695 humanamente,
633 1638 776 1684 niuno
800 1637 846 1684 di
874 1638 947 1684 noi
973 1638 1062 1683 mai
1083 1638 1106 1683 e
1129 1650 1361 1685 mancato:
1378 1638 1500 1684 onde
1522 1654 1613 1683 non
1633 1637 1694 1683 ho
1713 1649 1887 1700 potuto-

233 1713 531 1770 contenermi,
573 1713 655 1759 che
688 1713 743 1778 jo
786 1729 878 1758 non
917 1712 978 1758 mi
1020 1712 1083 1758 sia
1123 1712 1342 1776 alquanto
1387 1712 1615 1758 rissentito
1651 1728 1738 1758 con
1774 1713 1885 1776 quei

238 1789 347 1836 Rdi.
375 1789 526 1845 Paesti,
551 1789 634 1834 che
659 1788 721 1834 mi
748 1799 1003 1851 portorono
1028 1786 1071 1832 la
1101 1786 1274 1834 lettera.
1305 1787 1369 1833 Et
1399 1787 1568 1849 perche
1594 1784 1707 1832 forsi
1741 1787 1801 1835 V.
1835 1787 1880 1835 S.

234 1880 327 1909 non
353 1863 376 1909 ἐ
403 1863 489 1909 ben
521 1861 770 1909 informata
801 1862 873 1909 del
903 1873 1064 1908 nostro
1096 1861 1340 1924 procedet,
1364 1861 1417 1926 jo
1449 1861 1539 1925 glie
1569 1878 1625 1907 ne
1655 1860 1758 1908 diro
1790 1878 1886 1908 una

232 1937 404 2001 pat-ola.

299 2013 522 2059 Mancato
546 2012 629 2059 che
654 2010 706 2058 fu
732 2022 890 2057 nostro
915 2010 1094 2057 fratello
1120 2008 1137 2034 2
1164 2010 1209 2057 di
1235 2022 1395 2074 questa
1419 2010 1528 2068 vita,
1555 2011 1616 2057 mi
1643 2009 1695 2058 fu
1721 2010 1888 2057 scritto·

233 2106 258 2134 a
283 2089 477 2145 Vienna,
501 2089 622 2134 doue
639 2087 692 2151 jo
715 2103 790 2132 era
814 2085 987 2132 allhora
1024 2085 1340 2132 ambasciador
1374 2084 1414 2131 al
1448 2086 1736 2132 serenissimo
1761 2101 1810 2132 re
1832 2084 1885 2131 div

235 2163 428 2221 romani,
454 2162 482 2208 il
508 2178 714 2208 successo
738 2161 854 2207 della
880 2172 1045 2218 morte,
1072 2173 1116 2207 et
1147 2160 1265 2206 della
1290 2161 1580 2223 pretensione
1604 2161 1710 2208 delli
1735 2160 1884 2207 vostri

238 2238 346 2284 Rdi.
374 2237 511 2284 Padri
535 2253 670 2299 sopra
695 2236 734 2281 la
758 2235 904 2281 robba
928 2236 1012 2282 che
1036 2252 1111 2281 era
1136 2246 1321 2292 restata3
1347 2247 1392 2282 et
1417 2236 1583 2298 perche
1609 2252 1690 2299 per
1714 2235 1744 2282 il
1769 2252 1885 2282 vero

232 2313 281 2377 jo
312 2329 404 2358 non
437 2323 605 2375 poteua
636 2310 810 2357 allhora
842 2310 1083 2374 risponder
1113 2309 1348 2368 rissoluto,
1380 2327 1473 2356 non
1509 2311 1570 2356 mi
1603 2310 1888 2357 ricordando

237 2386 633 2450 particolarmente
657 2402 788 2431 come
814 2397 950 2432 stesse
975 2385 1016 2431 la
1045 2384 1238 2431 volonta
1269 2385 1315 2432 di
1350 2397 1507 2432 nostro
1537 2386 1708 2444 Padre,
1735 2385 1883 2432 scriss‘r

238 2462 294 2508 de
318 2461 397 2525 qui
421 2478 446 2507 a
470 2461 615 2524 questi
641 2460 767 2518 Rdi„
801 2471 846 2507 et
876 2460 983 2506 dissi
1016 2460 1074 2506 de
1106 2459 1146 2506 la
1181 2477 1206 2505 a
1237 2459 1331 2506 don
1364 2459 1531 2506 Nicolo
1558 2459 1574 2484 ³
1601 2471 1646 2506 et
1676 2459 1716 2505 al
1742 2459 1882 2506 Cani-

239 2535 305 2581 sio
326 2533 354 2591 ¹¹,
373 2535 467 2581 cosi
495 2535 538 2580 in
560 2533 767 2590 confuso,
787 2533 940 2598 quello
958 2534 1041 2580 che
1059 2534 1213 2597 dapoi,
1234 2534 1457 2580 ritornato
1475 2535 1533 2581 de
1552 2535 1645 2599 qui,
1665 2534 1747 2580 che
1765 2549 1884 2580 sono

240 2609 314 2673 gia
338 2608 539 2672 alquanti
565 2608 696 2674 mesi,
723 2607 784 2653 ho
809 2607 938 2653 detto
962 2607 1115 2653 chiaro
1140 2625 1164 2652 a
1187 2608 1259 2653 chi
1293 2608 1352 2653 mi
1385 2625 1533 2654 venne
1565 2625 1590 2654 a
1620 2606 1770 2671 pat-lar
1799 2623 1882 2670 per

242 2700 378 2729 nome
402 2682 519 2729 della
543 2683 586 2729 S.
614 2682 672 2728 V.
700 2692 744 2727 et
774 2680 821 2727 di
846 2681 994 2745 quella
1018 2681 1275 2744 relligione,
1306 2681 1403 2727 cioe
1433 2681 1516 2728 che
1551 2692 1707 2727 nostro
1739 2681 1885 2744 padre

242 2758 405 2804 uoleua
441 2757 523 2803 che
563 2757 605 2802 la
645 2754 813 2802 faculta
852 2772 933 2800 sua
974 2771 1067 2800 non
1107 2755 1273 2801 vscisse
1313 2755 1428 2801 delle
1460 2756 1581 2802 mani
1615 2755 1661 2803 di
1704 2755 1780 2802 noi
1811 2754 1881 2801 sui

295 2893 309 2918 ¹
367 2894 429 2930 EX
449 2892 627 2940 originali
649 2892 688 2927 in
708 2891 786 2928 vol.
806 2890 849 2937 F,
871 2890 1015 2936 duplici
1036 2890 1142 2936 folio,
1168 2900 1203 2927 n.
1229 2900 1290 2936 23,
1313 2891 1420 2936 prius
1444 2901 1532 2938 127.

295 2955 312 2980 2
367 2957 543 3003 Angelus
578 2955 783 3000 Surianus,
824 2954 1052 2990 adolescens
1083 2953 1270 3000 optimus,
1307 2954 1371 3000 qui
1410 2955 1449 2990 in
1488 2954 1682 2991 Societate
1718 2957 1884 2990 mortem

243 3021 405 3058 obierat.

297 3081 313 3107 3
367 3084 401 3119 N
405 3082 551 3119 icolaus
572 3082 618 3117 de
636 3080 783 3128 Lanoy,
803 3079 1025 3117 viennensis
1044 3079 1198 3125 collegii
1220 3080 1450 3117 moderator.

299 3143 313 3168 ¹·
368 3146 503 3182 Petrus
523 3144 716 3182 canisius.
