2014 3528
323 284 401 323 410
791 271 1028 311 EPISTOLAE
1057 273 1304 314 Moenia—1
1314 286 1330 313 1
1339 286 1388 325 70

271 378 481 425 vedendo
507 377 620 439 (che,
646 387 948 442 quantunque
976 395 1067 425 non
1099 379 1242 426 siamo
1277 380 1466 445 obligati
1493 381 1539 427 di
1573 381 1907 428 communicar-

271 453 299 500 li
325 453 429 517 quel
455 453 537 499 che
563 452 794 516 vogliamo
820 451 929 510 fare,
955 471 1035 517 per
1061 454 1242 501 hauerci
1276 455 1374 501 loro
1400 456 1528 502 datto
1560 472 1583 501 a
1609 455 1683 501 noi
1716 455 1743 502 il
1771 457 1908 503 totale

270 520 500 591 gouerno)
528 527 563 573 si
590 526 811 573 edificano
836 539 881 573 et
905 528 1159 592 ralegrano,
1186 541 1230 576 et
1255 529 1493 576 cambiano
1519 529 1672 592 parole
1695 530 1740 577 di
1768 531 1908 578 male·

269 602 463 649 dicentia
489 602 532 647 in
561 601 714 664 parole
739 601 784 648 di
812 601 1147 650 benedictione.
1178 603 1249 649 Sia
1273 602 1460 650 laudato
1486 604 1593 650 Dio.

337 676 406 722 La
430 675 659 722 dominica
682 687 899 739 seguente
929 675 968 722 la
998 675 1111 723 festa
1136 677 1251 724 della
1277 677 1557 741 Magdalena
1588 677 1731 734 beata,
1758 678 1907 726 Mtro.

269 749 517 797 Leonardo
545 750 736 796 Masero
758 749 770 774 ¹
800 749 948 795 hebbe
973 768 1064 797 vna
1088 751 1308 808 oratione,
1333 751 1390 798 de
1417 751 1626 798 laudibus
1657 751 1908 798 liberalium

269 825 453 882 artium,
475 823 588 870 nella
604 824 752 870 chiesa
771 824 1043 881 cathedrale,
1061 826 1180 872 doue
1199 826 1234 871 si
1254 837 1473 872 trouarno
1494 825 1521 872 li
1542 825 1776 888 principali
1796 826 1912 873 della

215 948 217 950 ,
268 910 400 956 terra,
426 912 471 944 et
507 898 533 944 li
567 898 737 962 signori
770 898 972 944 canonici
1004 898 1072 945 col
1110 900 1292 963 signore
1327 900 1513 956 decano,
1548 910 1593 946 et
1635 910 1761 946 tanta
1797 900 1911 947 mol-

269 973 464 1019 titudine
490 972 534 1019 di
561 989 776 1036 persone,
805 972 887 1019 che
912 972 947 1018 si
973 972 1245 1020 abbrusiaua
1269 974 1386 1020 nella
1409 974 1577 1031 chiesa,
1611 985 1912 1039 quantunque

269 1048 331 1094 sia
361 1047 470 1094 assai
502 1063 684 1110 capace3
719 1058 764 1093 et
798 1047 840 1094 vi
876 1064 951 1093 era
983 1064 1202 1095 concorso
1236 1049 1371 1095 etiam
1404 1048 1444 1094 la
1476 1048 1766 1095 moltitudine
1797 1049 1913 1096 delle

268 1124 436 1179 donne,
471 1122 591 1186 quali
626 1121 824 1186 bisogno
867 1133 985 1168 tutte
1029 1123 1261 1170 mandarle
1292 1122 1441 1180 fuora;
1472 1135 1516 1170 et
1547 1123 1822 1171 recitandola
1851 1124 1912 1170 lui

269 1215 355 1244 con
385 1197 557 1261 grande
587 1197 809 1243 memoria
833 1208 877 1243 et
904 1197 1061 1261 gratia,
1093 1212 1138 1244 et
1170 1199 1470 1262 consyderata
1495 1198 1534 1245 la
1569 1200 1641 1245 eta
1672 1198 1912 1262 giouenile,

275 1275 406 1321 diede
431 1274 604 1338 grande
629 1273 934 1320 admiratione
960 1291 983 1320 a
1008 1275 1129 1322 tutti.

337 1349 375 1396 Il
403 1349 567 1412 giorno
593 1359 831 1412 seguente,
864 1348 906 1394 in
943 1365 1033 1394 vna
1066 1348 1218 1395 schola
1249 1349 1422 1413 grande
1452 1360 1497 1396 et
1532 1350 1726 1408 anticha,
1765 1350 1912 1398 Mtro.

272 1423 518 1471 Leonardo
543 1421 639 1469 fece
671 1422 784 1469 altra
813 1422 1033 1480 oratione,
1066 1441 1140 1470 ma
1175 1424 1254 1487 piu
1285 1424 1470 1487 piccola‚
1504 1424 1689 1471 insieme
1714 1441 1802 1471 con
1826 1442 1916 1472 vna

270 1499 455 1546 lettione
481 1498 527 1544 di
552 1496 791 1555 rethorica,
817 1498 975 1562 voglio
1006 1499 1103 1546 dire
1133 1499 1248 1546 delle
1273 1499 1507 1562 partitioni
1532 1500 1579 1547 di
1605 1499 1846 1558 Cicerone3
1872 1510 1917 1547 et

274 1575 424 1622 Mtro.
460 1573 656 1619 Nicolao
699 1573 954 1620 Paradense
989 1572 1083 1620 fece
1121 1591 1210 1620 vna
1247 1574 1434 1621 lettione
1467 1574 1512 1620 di
1558 1575 1838 1621 Demostene
1871 1574 1914 1620 in

269 1666 422 1712 greco,
447 1665 533 1694 con
561 1648 734 1711 grande
761 1646 1045 1694 satisfatione
1070 1649 1177 1695 tutti
1202 1649 1278 1695 doi
1304 1650 1348 1696 di
1368 1642 1588 1713 ogniu'nO.
1617 1649 1680 1695 Et
1704 1658 1866 1713 questo
1889 1648 1915 1695 li

272 1722 367 1770 fece
394 1722 503 1782 fare,
531 1739 612 1786 per
637 1722 746 1769 dare
772 1723 915 1769 odore
941 1722 1058 1769 della
1083 1719 1371 1788 Compagnia
1401 1723 1504 1787 quel
1530 1722 1708 1786 giorn0,
1735 1723 1817 1769 che
1843 1740 1918 1770 era

273 1799 437 1862 giorno
460 1798 505 1845 di
533 1809 755 1855 mercato,
785 1810 830 1844 et
862 1798 957 1844 cosi
991 1798 1033 1844 vi
1067 1814 1345 1845 conconsero
1380 1796 1520 1843 molte
1549 1814 1739 1860 persone
1764 1808 1915 1843 extra-

274 1891 370 1931 nee,
395 1873 512 1919 oltra
535 1872 675 1937 quelli
701 1872 818 1919 della
853 1884 973 1919 terra
1007 1886 1052 1920 et
1084 1873 1255 1937 signori
1287 1872 1505 1920 canonici.
1538 1872 1593 1918 L’
1614 1872 1729 1918 altro
1753 1872 1916 1936 giorno

274 1946 358 1994 feci
384 1947 674 2010 destinguere
706 1957 825 1993 tutte
852 1946 890 1993 le
915 1947 1057 2005 classi,
1083 1960 1127 1994 et
1152 1946 1235 1994 feci
1262 1959 1381 1995 tutta
1405 1947 1554 2012 quella
1574 1948 1812 1994 settimana
1835 1948 1917 1994 che

274 2021 302 2067 li
329 2020 508 2067 maestri
544 2037 814 2083 prouassero
847 2038 928 2085 per
963 2022 1309 2086 interrogationi
1344 2034 1466 2069 tutto
1497 2021 1526 2068 il
1558 2039 1714 2086 sapere
1738 2022 1795 2069 de
1820 2021 1918 2068 loro

273 2096 464 2142 scholari
493 2096 577 2142 che
604 2095 633 2141 li
659 2113 799 2142 erano
825 2097 1054 2161 assignati.

340 2170 408 2216 La
431 2170 671 2216 settimana
698 2183 914 2233 seguente
939 2171 974 2218 si
999 2170 1310 2218 cominciorno
1334 2171 1441 2217 tutti
1468 2170 1495 2216 li
1522 2169 1623 2216 libri
1648 2170 1844 2217 ordinati
1871 2171 1916 2216 in

274 2245 480 2291 ciascuna
508 2244 678 2302 schola,
712 2256 893 2291 excetto
926 2245 954 2291 il
989 2256 1114 2292 texto
1146 2262 1282 2310 greco
1325 2246 1369 2293 di
1411 2245 1742 2302 Demosthene,
1785 2245 1918 2310 quale

277 2337 367 2365 non
393 2319 428 2365 si
454 2320 477 2366 ἐ
503 2319 699 2366 anchora
724 2330 890 2382 potuto
916 2320 1080 2366 hauere
1105 2320 1164 2367 da
1183 2321 1330 2384 questi
1359 2319 1565 2379 scholari,
1589 2336 1661 2365 ma
1679 2320 1713 2366 si
1733 2331 1919 2383 expetta

276 2394 323 2440 di
352 2393 555 2457 Pariggi.
589 2393 728 2439 Hora
754 2393 792 2439 le
818 2394 942 2440 classi
980 2406 1183 2457 tengono
1209 2395 1235 2440 il
1262 2411 1345 2440 suo
1377 2394 1552 2453 ordine,
1584 2406 1630 2440 et
1654 2394 1688 2440 si
1716 2394 1919 2457 guidano

276 2468 360 2514 alla
385 2485 543 2525 messa,
569 2467 652 2514 alle
678 2467 879 2527 lectioni,
906 2468 990 2515 alle
1023 2469 1279 2532 repetitioni
1304 2468 1374 2515 col
1405 2486 1518 2515 sono
1543 2469 1658 2516 della
1683 2486 1918 2533 campana,

276 2554 321 2589 et
344 2542 552 2606 ogniuno
577 2553 692 2588 resta
712 2542 1048 2590 edificatissimo
1072 2543 1143 2591 del
1166 2555 1323 2590 nostro
1344 2544 1483 2590 modo
1510 2543 1555 2590 di
1576 2542 1684 2600 fare,
1706 2544 1750 2590 in
1776 2555 1918 2600 tanto,

276 2617 357 2662 che
383 2615 563 2662 alchuni
589 2615 707 2662 della
731 2628 853 2662 terra
879 2618 1032 2663 hanno
1058 2618 1231 2663 hauuto
1257 2634 1281 2662 a
1305 2617 1404 2663 dire
1428 2634 1452 2663 a
1477 2616 1657 2681 qualchi
1684 2617 1917 2680 principali

276 2690 322 2737 di
347 2707 464 2749 essa,
492 2690 574 2737 che
599 2707 680 2754 per
705 2691 730 2736 l'
755 2708 910 2738 amore
935 2693 991 2739 de
1022 2692 1118 2738 Dio
1143 2691 1346 2738 facciono
1370 2691 1479 2755 ogni
1506 2708 1625 2750 cosa,
1649 2691 1854 2738 accioche
1881 2691 1921 2737 la

277 2765 570 2829 Compagnia
597 2776 750 2811 nostra
776 2766 865 2812 mai
893 2767 974 2829 piu
996 2783 1087 2813 non
1107 2766 1142 2812 si
1162 2767 1278 2829 parti
1304 2766 1349 2813 di
1375 2766 1470 2830 qui,
1495 2777 1539 2812 et
1558 2765 1642 2812 che
1666 2766 1746 2829 piu
1768 2776 1920 2829 presto

277 2840 497 2902 vogliono
522 2856 689 2903 pagare
712 2840 800 2887 doe
826 2858 854 2886 o
883 2853 950 2887 tre
976 2840 1112 2904 taglie
1138 2840 1165 2886 l'
1187 2858 1329 2897 anno,
1355 2841 1563 2886 accioche
1591 2851 1753 2904 questa
1783 2857 1921 2904 opera

278 2930 531 2975 perseuera.
560 2914 713 2960 Credo
738 2915 835 2971 che,
862 2932 906 2960 se
932 2915 1078 2979 questi
1105 2914 1264 2978 populi
1291 2913 1465 2961 fossero
1490 2914 1618 2972 richi,
1650 2931 1780 2960 come
1807 2913 1921 2960 nella

280 2987 406 3033 [talia
431 3005 458 3033 o
483 2988 593 3034 altre
620 3004 775 3052 grosse
800 2989 887 3036 cita
912 2989 958 3037 di
986 2989 1191 3048 Francia,
1217 2989 1299 3036 che
1319 2987 1716 3035 farrebbano‘cose
1740 2988 1919 3052 grandi,

336 3149 346 3174 ¹
406 3152 504 3189 Vide
526 3152 636 3199 epist.
662 3153 909 3199 superiorem.
