<?xml version="1.0" encoding="UTF-8"?>
<!DOCTYPE html PUBLIC "-//W3C//DTD XHTML 1.0 Transitional//EN"
    "http://www.w3.org/TR/xhtml1/DTD/xhtml1-transitional.dtd">
<html xmlns="http://www.w3.org/1999/xhtml" xml:lang="en" lang="en">
 <head>
  <title>
</title>
<meta http-equiv="Content-Type" content="text/html;charset=utf-8" />
  <meta name='ocr-system' content='tesseract 3.04.00' />
  <meta name='ocr-capabilities' content='ocr_page ocr_carea ocr_par ocr_line ocrx_word'/>
</head>
<body>
  <div class='ocr_page' id='page_1' title='image "./epistolaemixtaee05matruoft_0363.png"; bbox 0 0 2014 3528; ppageno 0'>
   <div class='ocr_carea' id='block_1_1' title="bbox 821 280 1740 332">
    <p class='ocr_par' dir='ltr' id='par_1_1' title="bbox 821 280 1740 332">
     <span class='ocr_line' id='line_1_1' title="bbox 821 280 1740 332; baseline 0.001 -1"><span class='ocrx_word' id='word_1_1' title='bbox 821 291 867 331; x_wconf 87' lang='lat'>13</span> <span class='ocrx_word' id='word_1_2' title='bbox 897 291 1003 328; x_wconf 60' lang='grc' dir='ltr'>ωτι</span> <span class='ocrx_word' id='word_1_3' title='bbox 1034 280 1137 332; x_wconf 84' lang='lat'>1556</span> <span class='ocrx_word' id='word_1_4' title='bbox 1662 292 1740 332; x_wconf 88' lang='lat'>357</span> 
     </span>
    </p>
   </div>
   <div class='ocr_carea' id='block_1_2' title="bbox 151 383 1792 2985">
    <p class='ocr_par' dir='ltr' id='par_1_2' title="bbox 160 383 1792 748">
     <span class='ocr_line' id='line_1_2' title="bbox 161 383 1791 450; baseline 0.001 -17"><span class='ocrx_word' id='word_1_5' title='bbox 161 385 276 433; x_wconf 88' lang='lat' dir='ltr'>della</span> <span class='ocrx_word' id='word_1_6' title='bbox 299 394 573 448; x_wconf 87' lang='lat' dir='ltr'>pentecoste,</span> <span class='ocrx_word' id='word_1_7' title='bbox 600 383 641 430; x_wconf 91' lang='lat' dir='ltr'>la</span> <span class='ocrx_word' id='word_1_8' title='bbox 666 386 835 432; x_wconf 87' lang='lat' dir='ltr'>matina</span> <span class='ocrx_word' id='word_1_9' title='bbox 861 404 950 434; x_wconf 89' lang='lat' dir='ltr'>non</span> <span class='ocrx_word' id='word_1_10' title='bbox 984 386 1164 433; x_wconf 91' lang='lat' dir='ltr'>uolsero</span> <span class='ocrx_word' id='word_1_11' title='bbox 1199 396 1420 450; x_wconf 87' lang='lat' dir='ltr'>aspettare</span> <span class='ocrx_word' id='word_1_12' title='bbox 1445 385 1472 432; x_wconf 94' lang='lat' dir='ltr'>il</span> <span class='ocrx_word' id='word_1_13' title='bbox 1504 386 1791 449; x_wconf 85' lang='lat' dir='ltr'>predicatore</span> 
     </span>
     <span class='ocr_line' id='line_1_3' title="bbox 161 458 1792 524; baseline 0.002 -18"><span class='ocrx_word' id='word_1_14' title='bbox 161 477 240 524; x_wconf 87' lang='lat' dir='ltr'>per</span> <span class='ocrx_word' id='word_1_15' title='bbox 264 458 428 516; x_wconf 85' lang='lat' dir='ltr'>udirlO,</span> <span class='ocrx_word' id='word_1_16' title='bbox 453 471 498 506; x_wconf 91' lang='lat' dir='ltr'>et</span> <span class='ocrx_word' id='word_1_17' title='bbox 521 459 679 523; x_wconf 91' lang='lat' dir='ltr'>doppo</span> <span class='ocrx_word' id='word_1_18' title='bbox 704 461 882 508; x_wconf 87' lang='lat' dir='ltr'>disnare</span> <span class='ocrx_word' id='word_1_19' title='bbox 907 462 1012 508; x_wconf 87' lang='lat' dir='ltr'>tutti</span> <span class='ocrx_word' id='word_1_20' title='bbox 1039 473 1229 508; x_wconf 83' lang='lat' dir='ltr'>stauano</span> <span class='ocrx_word' id='word_1_21' title='bbox 1254 460 1310 507; x_wconf 90' lang='lat' dir='ltr'>ad</span> <span class='ocrx_word' id='word_1_22' title='bbox 1335 460 1550 507; x_wconf 88' lang='lat' dir='ltr'>ascoltare</span> <span class='ocrx_word' id='word_1_23' title='bbox 1582 472 1648 508; x_wconf 91' lang='lat' dir='ltr'>tre</span> <span class='ocrx_word' id='word_1_24' title='bbox 1681 463 1792 509; x_wconf 89' lang='lat' dir='ltr'>ciar-</span> 
     </span>
     <span class='ocr_line' id='line_1_4' title="bbox 162 534 1787 599; baseline 0.001 -17"><span class='ocrx_word' id='word_1_25' title='bbox 162 535 312 593; x_wconf 89' lang='lat' dir='ltr'>latani,</span> <span class='ocrx_word' id='word_1_26' title='bbox 346 534 371 580; x_wconf 92' lang='lat' dir='ltr'>li</span> <span class='ocrx_word' id='word_1_27' title='bbox 404 534 523 599; x_wconf 90' lang='lat' dir='ltr'>quali</span> <span class='ocrx_word' id='word_1_28' title='bbox 552 535 774 581; x_wconf 87' lang='lat' dir='ltr'>diceuano</span> <span class='ocrx_word' id='word_1_29' title='bbox 803 553 906 582; x_wconf 88' lang='lat' dir='ltr'>cose</span> <span class='ocrx_word' id='word_1_30' title='bbox 936 537 1174 583; x_wconf 82' lang='lat' dir='ltr'>inhoneste</span> <span class='ocrx_word' id='word_1_31' title='bbox 1208 547 1252 582; x_wconf 91' lang='lat' dir='ltr'>et</span> <span class='ocrx_word' id='word_1_32' title='bbox 1283 535 1558 598; x_wconf 89' lang='lat' dir='ltr'>impudiche‚</span> <span class='ocrx_word' id='word_1_33' title='bbox 1592 553 1671 599; x_wconf 87' lang='lat' dir='ltr'>per</span> <span class='ocrx_word' id='word_1_34' title='bbox 1703 536 1787 583; x_wconf 90' lang='lat' dir='ltr'>far’</span> 
     </span>
     <span class='ocr_line' id='line_1_5' title="bbox 160 609 1791 676; baseline 0.002 -20"><span class='ocrx_word' id='word_1_35' title='bbox 160 610 310 666; x_wconf 82' lang='lat' dir='ltr'>rider’3</span> <span class='ocrx_word' id='word_1_36' title='bbox 336 609 376 655; x_wconf 86' lang='lat' dir='ltr'>la</span> <span class='ocrx_word' id='word_1_37' title='bbox 400 620 535 673; x_wconf 86' lang='lat' dir='ltr'>gente</span> <span class='ocrx_word' id='word_1_38' title='bbox 559 626 644 656; x_wconf 92' lang='lat' dir='ltr'>con</span> <span class='ocrx_word' id='word_1_39' title='bbox 673 621 800 657; x_wconf 90' lang='lat' dir='ltr'>tanto</span> <span class='ocrx_word' id='word_1_40' title='bbox 826 611 1019 670; x_wconf 88' lang='lat' dir='ltr'>silentio,</span> <span class='ocrx_word' id='word_1_41' title='bbox 1044 611 1127 658; x_wconf 89' lang='lat' dir='ltr'>che</span> <span class='ocrx_word' id='word_1_42' title='bbox 1152 627 1244 657; x_wconf 92' lang='lat' dir='ltr'>non</span> <span class='ocrx_word' id='word_1_43' title='bbox 1270 611 1302 656; x_wconf 88' lang='lat' dir='ltr'>si</span> <span class='ocrx_word' id='word_1_44' title='bbox 1331 610 1506 657; x_wconf 89' lang='lat' dir='ltr'>sentiua</span> <span class='ocrx_word' id='word_1_45' title='bbox 1534 627 1684 658; x_wconf 88' lang='lat' dir='ltr'>mosea</span> <span class='ocrx_word' id='word_1_46' title='bbox 1710 629 1791 676; x_wconf 90' lang='lat' dir='ltr'>per</span> 
     </span>
     <span class='ocr_line' id='line_1_6' title="bbox 161 684 733 748; baseline 0.002 -18"><span class='ocrx_word' id='word_1_47' title='bbox 161 695 283 731; x_wconf 91' lang='lat' dir='ltr'>tutto</span> <span class='ocrx_word' id='word_1_48' title='bbox 308 684 428 748; x_wconf 90' lang='lat' dir='ltr'>quel&#39;</span> <span class='ocrx_word' id='word_1_49' title='bbox 449 684 733 731; x_wconf 90' lang='lat' dir='ltr'>concistorio.</span> 
     </span>
    </p>

    <p class='ocr_par' dir='ltr' id='par_1_3' title="bbox 154 758 1791 1645">
     <span class='ocr_line' id='line_1_7' title="bbox 224 758 1787 823; baseline 0.002 -18"><span class='ocrx_word' id='word_1_50' title='bbox 224 758 291 805; x_wconf 92' lang='lat' dir='ltr'>Le</span> <span class='ocrx_word' id='word_1_51' title='bbox 315 758 464 805; x_wconf 89' lang='lat' dir='ltr'>schole</span> <span class='ocrx_word' id='word_1_52' title='bbox 490 770 643 805; x_wconf 90' lang='lat' dir='ltr'>nostre</span> <span class='ocrx_word' id='word_1_53' title='bbox 673 776 754 823; x_wconf 91' lang='lat' dir='ltr'>per</span> <span class='ocrx_word' id='word_1_54' title='bbox 790 759 933 823; x_wconf 86' lang='lat' dir='ltr'>gratia</span> <span class='ocrx_word' id='word_1_55' title='bbox 965 759 1022 806; x_wconf 92' lang='lat' dir='ltr'>de</span> <span class='ocrx_word' id='word_1_56' title='bbox 1058 759 1191 806; x_wconf 89' lang='lat' dir='ltr'>Iddio</span> <span class='ocrx_word' id='word_1_57' title='bbox 1223 775 1377 805; x_wconf 90' lang='lat' dir='ltr'>uanno</span> <span class='ocrx_word' id='word_1_58' title='bbox 1410 762 1787 823; x_wconf 86' lang='lat' dir='ltr'>augmentandosi</span> 
     </span>
     <span class='ocr_line' id='line_1_8' title="bbox 158 833 1791 898; baseline 0.001 -18"><span class='ocrx_word' id='word_1_59' title='bbox 158 834 266 898; x_wconf 89' lang='lat' dir='ltr'>ogni</span> <span class='ocrx_word' id='word_1_60' title='bbox 292 833 473 898; x_wconf 86' lang='lat' dir='ltr'>giorno,</span> <span class='ocrx_word' id='word_1_61' title='bbox 498 834 542 881; x_wconf 92' lang='lat' dir='ltr'>di</span> <span class='ocrx_word' id='word_1_62' title='bbox 571 834 710 881; x_wconf 90' lang='lat' dir='ltr'>modo</span> <span class='ocrx_word' id='word_1_63' title='bbox 735 834 818 881; x_wconf 91' lang='lat' dir='ltr'>che</span> <span class='ocrx_word' id='word_1_64' title='bbox 836 835 1024 881; x_wconf 89' lang='lat' dir='ltr'>ariuano</span> <span class='ocrx_word' id='word_1_65' title='bbox 1046 835 1071 881; x_wconf 92' lang='lat' dir='ltr'>li</span> <span class='ocrx_word' id='word_1_66' title='bbox 1094 833 1285 880; x_wconf 84' lang='lat' dir='ltr'>scholari</span> <span class='ocrx_word' id='word_1_67' title='bbox 1306 834 1431 898; x_wconf 85' lang='lat' dir='ltr'>quasi</span> <span class='ocrx_word' id='word_1_68' title='bbox 1454 851 1478 879; x_wconf 89' lang='lat' dir='ltr'>a</span> <span class='ocrx_word' id='word_1_69' title='bbox 1505 838 1604 881; x_wconf 90' lang='lat'>180.</span> <span class='ocrx_word' id='word_1_70' title='bbox 1629 835 1666 881; x_wconf 95' lang='lat' dir='ltr'><strong>F</strong></span> <span class='ocrx_word' id='word_1_71' title='bbox 1671 852 1791 882; x_wconf 85' lang='lat' dir='ltr'>anno</span> 
     </span>
     <span class='ocr_line' id='line_1_9' title="bbox 158 909 1789 974; baseline 0.001 -18"><span class='ocrx_word' id='word_1_72' title='bbox 158 909 306 956; x_wconf 89' lang='lat' dir='ltr'>frutto</span> <span class='ocrx_word' id='word_1_73' title='bbox 330 909 432 955; x_wconf 89' lang='lat' dir='ltr'>nelli</span> <span class='ocrx_word' id='word_1_74' title='bbox 457 909 653 956; x_wconf 90' lang='lat' dir='ltr'>costumi</span> <span class='ocrx_word' id='word_1_75' title='bbox 678 921 723 956; x_wconf 92' lang='lat' dir='ltr'>et</span> <span class='ocrx_word' id='word_1_76' title='bbox 748 909 861 956; x_wconf 92' lang='lat' dir='ltr'>nelle</span> <span class='ocrx_word' id='word_1_77' title='bbox 881 909 1053 968; x_wconf 88' lang='lat' dir='ltr'>lettere,</span> <span class='ocrx_word' id='word_1_78' title='bbox 1079 909 1256 956; x_wconf 78' lang='lat' dir='ltr'>benche</span> <span class='ocrx_word' id='word_1_79' title='bbox 1284 926 1374 955; x_wconf 91' lang='lat' dir='ltr'>non</span> <span class='ocrx_word' id='word_1_80' title='bbox 1404 920 1532 955; x_wconf 85' lang='lat' dir='ltr'>tanto</span> <span class='ocrx_word' id='word_1_81' title='bbox 1557 923 1731 974; x_wconf 89' lang='lat' dir='ltr'>quanto</span> <span class='ocrx_word' id='word_1_82' title='bbox 1756 911 1789 957; x_wconf 89' lang='lat' dir='ltr'>si</span> 
     </span>
     <span class='ocr_line' id='line_1_10' title="bbox 159 982 1790 1048; baseline 0.001 -18"><span class='ocrx_word' id='word_1_83' title='bbox 159 985 307 1048; x_wconf 88' lang='lat' dir='ltr'>potria</span> <span class='ocrx_word' id='word_1_84' title='bbox 337 982 430 1030; x_wconf 88' lang='lat' dir='ltr'>fare</span> <span class='ocrx_word' id='word_1_85' title='bbox 472 983 659 1030; x_wconf 88' lang='lat' dir='ltr'>altroue:</span> <span class='ocrx_word' id='word_1_86' title='bbox 696 995 741 1030; x_wconf 92' lang='lat' dir='ltr'>et</span> <span class='ocrx_word' id='word_1_87' title='bbox 781 995 944 1048; x_wconf 92' lang='lat' dir='ltr'>questo</span> <span class='ocrx_word' id='word_1_88' title='bbox 976 984 1140 1048; x_wconf 69' lang='lat' dir='ltr'>perche</span> <span class='ocrx_word' id='word_1_89' title='bbox 1181 994 1355 1048; x_wconf 89' lang='lat' dir='ltr'>quanto</span> <span class='ocrx_word' id='word_1_90' title='bbox 1392 983 1473 1030; x_wconf 87' lang='lat' dir='ltr'>alle</span> <span class='ocrx_word' id='word_1_91' title='bbox 1512 984 1667 1030; x_wconf 87' lang='lat' dir='ltr'>lettere</span> <span class='ocrx_word' id='word_1_92' title='bbox 1697 1002 1790 1031; x_wconf 92' lang='lat' dir='ltr'>non</span> 
     </span>
     <span class='ocr_line' id='line_1_11' title="bbox 157 1057 1790 1123; baseline 0 -18"><span class='ocrx_word' id='word_1_93' title='bbox 157 1059 311 1105; x_wconf 92' lang='lat' dir='ltr'>hanno</span> <span class='ocrx_word' id='word_1_94' title='bbox 331 1057 427 1104; x_wconf 88' lang='lat' dir='ltr'>libri</span> <span class='ocrx_word' id='word_1_95' title='bbox 451 1058 680 1123; x_wconf 88' lang='lat' dir='ltr'>necessarij</span> <span class='ocrx_word' id='word_1_96' title='bbox 706 1057 834 1104; x_wconf 90' lang='lat' dir='ltr'>molti</span> <span class='ocrx_word' id='word_1_97' title='bbox 854 1058 900 1105; x_wconf 91' lang='lat' dir='ltr'>di</span> <span class='ocrx_word' id='word_1_98' title='bbox 927 1058 1039 1115; x_wconf 88' lang='lat' dir='ltr'>loro,</span> <span class='ocrx_word' id='word_1_99' title='bbox 1061 1074 1142 1121; x_wconf 87' lang='lat' dir='ltr'>per</span> <span class='ocrx_word' id='word_1_100' title='bbox 1162 1057 1202 1104; x_wconf 87' lang='lat' dir='ltr'>la</span> <span class='ocrx_word' id='word_1_101' title='bbox 1230 1058 1477 1121; x_wconf 87' lang='lat' dir='ltr'>povertade</span> <span class='ocrx_word' id='word_1_102' title='bbox 1502 1058 1570 1105; x_wconf 87' lang='lat' dir='ltr'>dei</span> <span class='ocrx_word' id='word_1_103' title='bbox 1599 1060 1790 1122; x_wconf 88' lang='lat' dir='ltr'>parenti,</span> 
     </span>
     <span class='ocr_line' id='line_1_12' title="bbox 158 1132 1790 1198; baseline 0.001 -19"><span class='ocrx_word' id='word_1_104' title='bbox 158 1134 185 1179; x_wconf 93' lang='lat' dir='ltr'>li</span> <span class='ocrx_word' id='word_1_105' title='bbox 209 1133 346 1198; x_wconf 87' lang='lat' dir='ltr'>quali,</span> <span class='ocrx_word' id='word_1_106' title='bbox 371 1150 462 1179; x_wconf 88' lang='lat' dir='ltr'>non</span> <span class='ocrx_word' id='word_1_107' title='bbox 489 1133 702 1179; x_wconf 88' lang='lat' dir='ltr'>hauendo</span> <span class='ocrx_word' id='word_1_108' title='bbox 720 1133 778 1179; x_wconf 88' lang='lat' dir='ltr'>da</span> <span class='ocrx_word' id='word_1_109' title='bbox 798 1132 1027 1196; x_wconf 89' lang='lat' dir='ltr'>comprar&#39;</span> <span class='ocrx_word' id='word_1_110' title='bbox 1046 1150 1178 1196; x_wconf 90' lang='lat' dir='ltr'>pane,</span> <span class='ocrx_word' id='word_1_111' title='bbox 1201 1132 1345 1178; x_wconf 91' lang='lat' dir='ltr'>molto</span> <span class='ocrx_word' id='word_1_112' title='bbox 1371 1134 1564 1180; x_wconf 88' lang='lat' dir='ltr'>mancho</span> <span class='ocrx_word' id='word_1_113' title='bbox 1586 1134 1790 1181; x_wconf 88' lang='lat' dir='ltr'>haranno</span> 
     </span>
     <span class='ocr_line' id='line_1_13' title="bbox 155 1206 1786 1271; baseline 0 -16"><span class='ocrx_word' id='word_1_114' title='bbox 155 1209 214 1255; x_wconf 90' lang='lat' dir='ltr'>da</span> <span class='ocrx_word' id='word_1_115' title='bbox 237 1207 464 1271; x_wconf 85' lang='lat' dir='ltr'>comprar’</span> <span class='ocrx_word' id='word_1_116' title='bbox 483 1206 598 1254; x_wconf 88' lang='lat' dir='ltr'>libri.</span> <span class='ocrx_word' id='word_1_117' title='bbox 629 1207 692 1253; x_wconf 93' lang='lat' dir='ltr'>Di</span> <span class='ocrx_word' id='word_1_118' title='bbox 718 1207 799 1271; x_wconf 78' lang='lat' dir='ltr'>piu</span> <span class='ocrx_word' id='word_1_119' title='bbox 826 1208 1008 1270; x_wconf 75' lang='lat' dir='ltr'>perche,</span> <span class='ocrx_word' id='word_1_120' title='bbox 1034 1207 1186 1253; x_wconf 90' lang='lat' dir='ltr'>subito</span> <span class='ocrx_word' id='word_1_121' title='bbox 1211 1208 1293 1254; x_wconf 92' lang='lat' dir='ltr'>che</span> <span class='ocrx_word' id='word_1_122' title='bbox 1324 1224 1471 1253; x_wconf 86' lang='lat' dir='ltr'>sonno</span> <span class='ocrx_word' id='word_1_123' title='bbox 1502 1209 1710 1255; x_wconf 85' lang='lat' dir='ltr'>ritornati</span> <span class='ocrx_word' id='word_1_124' title='bbox 1744 1210 1786 1256; x_wconf 89' lang='lat' dir='ltr'>in</span> 
     </span>
     <span class='ocr_line' id='line_1_14' title="bbox 155 1281 1787 1347; baseline 0.001 -18"><span class='ocrx_word' id='word_1_125' title='bbox 155 1300 254 1329; x_wconf 88' lang='lat' dir='ltr'>casa</span> <span class='ocrx_word' id='word_1_126' title='bbox 278 1282 396 1329; x_wconf 88' lang='lat' dir='ltr'>dalla</span> <span class='ocrx_word' id='word_1_127' title='bbox 420 1281 587 1340; x_wconf 88' lang='lat' dir='ltr'>schola,</span> <span class='ocrx_word' id='word_1_128' title='bbox 623 1281 651 1327; x_wconf 88' lang='lat' dir='ltr'>li</span> <span class='ocrx_word' id='word_1_129' title='bbox 685 1282 860 1345; x_wconf 88' lang='lat' dir='ltr'>parenti</span> <span class='ocrx_word' id='word_1_130' title='bbox 891 1299 936 1328; x_wconf 90' lang='lat' dir='ltr'>se</span> <span class='ocrx_word' id='word_1_131' title='bbox 968 1299 1022 1328; x_wconf 92' lang='lat' dir='ltr'>ne</span> <span class='ocrx_word' id='word_1_132' title='bbox 1056 1299 1253 1328; x_wconf 89' lang='lat' dir='ltr'>seruono</span> <span class='ocrx_word' id='word_1_133' title='bbox 1285 1283 1328 1328; x_wconf 90' lang='lat' dir='ltr'>in</span> <span class='ocrx_word' id='word_1_134' title='bbox 1362 1282 1483 1328; x_wconf 89' lang='lat' dir='ltr'>mille</span> <span class='ocrx_word' id='word_1_135' title='bbox 1515 1283 1709 1347; x_wconf 85' lang='lat' dir='ltr'>negocij,</span> <span class='ocrx_word' id='word_1_136' title='bbox 1743 1284 1787 1330; x_wconf 91' lang='lat' dir='ltr'>di</span> 
     </span>
     <span class='ocr_line' id='line_1_15' title="bbox 155 1356 1784 1421; baseline 0.001 -18"><span class='ocrx_word' id='word_1_137' title='bbox 155 1357 296 1403; x_wconf 89' lang='lat' dir='ltr'>modo</span> <span class='ocrx_word' id='word_1_138' title='bbox 319 1356 402 1403; x_wconf 89' lang='lat' dir='ltr'>che</span> <span class='ocrx_word' id='word_1_139' title='bbox 429 1373 520 1402; x_wconf 91' lang='lat' dir='ltr'>non</span> <span class='ocrx_word' id='word_1_140' title='bbox 546 1372 746 1419; x_wconf 88' lang='lat' dir='ltr'>possono</span> <span class='ocrx_word' id='word_1_141' title='bbox 770 1356 982 1413; x_wconf 89' lang='lat' dir='ltr'>studiare‚</span> <span class='ocrx_word' id='word_1_142' title='bbox 1008 1368 1053 1402; x_wconf 90' lang='lat' dir='ltr'>et</span> <span class='ocrx_word' id='word_1_143' title='bbox 1073 1356 1112 1402; x_wconf 93' lang='lat' dir='ltr'>le</span> <span class='ocrx_word' id='word_1_144' title='bbox 1131 1356 1212 1419; x_wconf 74' lang='lat' dir='ltr'>piu</span> <span class='ocrx_word' id='word_1_145' title='bbox 1234 1356 1357 1402; x_wconf 89' lang='lat' dir='ltr'>uolte</span> <span class='ocrx_word' id='word_1_146' title='bbox 1385 1373 1476 1402; x_wconf 91' lang='lat' dir='ltr'>non</span> <span class='ocrx_word' id='word_1_147' title='bbox 1503 1374 1719 1421; x_wconf 83' lang='lat' dir='ltr'>uengono</span> <span class='ocrx_word' id='word_1_148' title='bbox 1739 1359 1784 1405; x_wconf 90' lang='lat' dir='ltr'>di</span> 
     </span>
     <span class='ocr_line' id='line_1_16' title="bbox 155 1431 1789 1495; baseline 0.002 -19"><span class='ocrx_word' id='word_1_149' title='bbox 155 1441 222 1476; x_wconf 90' lang='lat' dir='ltr'>tre</span> <span class='ocrx_word' id='word_1_150' title='bbox 251 1447 279 1476; x_wconf 96' lang='lat' dir='ltr'>o</span> <span class='ocrx_word' id='word_1_151' title='bbox 310 1441 509 1495; x_wconf 86' lang='lat' dir='ltr'>quattro,</span> <span class='ocrx_word' id='word_1_152' title='bbox 541 1441 641 1477; x_wconf 94' lang='lat' dir='ltr'>otto</span> <span class='ocrx_word' id='word_1_153' title='bbox 677 1431 826 1494; x_wconf 86' lang='lat' dir='ltr'>giorni</span> <span class='ocrx_word' id='word_1_154' title='bbox 863 1431 946 1477; x_wconf 92' lang='lat' dir='ltr'>alla</span> <span class='ocrx_word' id='word_1_155' title='bbox 979 1431 1177 1488; x_wconf 89' lang='lat' dir='ltr'>schuola,</span> <span class='ocrx_word' id='word_1_156' title='bbox 1209 1448 1289 1494; x_wconf 90' lang='lat' dir='ltr'>per</span> <span class='ocrx_word' id='word_1_157' title='bbox 1320 1433 1452 1477; x_wconf 91' lang='lat' dir='ltr'>esser&#39;</span> <span class='ocrx_word' id='word_1_158' title='bbox 1483 1433 1688 1495; x_wconf 82' lang='lat' dir='ltr'>occupati</span> <span class='ocrx_word' id='word_1_159' title='bbox 1731 1433 1789 1479; x_wconf 88' lang='lat' dir='ltr'>da</span> 
     </span>
     <span class='ocr_line' id='line_1_17' title="bbox 154 1505 1787 1570; baseline 0.002 -19"><span class='ocrx_word' id='word_1_160' title='bbox 154 1505 346 1568; x_wconf 87' lang='lat' dir='ltr'>parenti,</span> <span class='ocrx_word' id='word_1_161' title='bbox 371 1506 442 1552; x_wconf 91' lang='lat' dir='ltr'>chi</span> <span class='ocrx_word' id='word_1_162' title='bbox 471 1505 588 1551; x_wconf 88' lang='lat' dir='ltr'>nella</span> <span class='ocrx_word' id='word_1_163' title='bbox 612 1505 765 1570; x_wconf 87' lang='lat' dir='ltr'>uigna,</span> <span class='ocrx_word' id='word_1_164' title='bbox 791 1506 862 1552; x_wconf 87' lang='lat' dir='ltr'>chi</span> <span class='ocrx_word' id='word_1_165' title='bbox 890 1506 1005 1552; x_wconf 90' lang='lat' dir='ltr'>nella</span> <span class='ocrx_word' id='word_1_166' title='bbox 1030 1507 1258 1564; x_wconf 86' lang='lat' dir='ltr'>massaria,</span> <span class='ocrx_word' id='word_1_167' title='bbox 1283 1506 1354 1552; x_wconf 90' lang='lat' dir='ltr'>chi</span> <span class='ocrx_word' id='word_1_168' title='bbox 1380 1506 1424 1552; x_wconf 89' lang='lat' dir='ltr'>in</span> <span class='ocrx_word' id='word_1_169' title='bbox 1446 1506 1558 1553; x_wconf 85' lang='lat' dir='ltr'>altre</span> <span class='ocrx_word' id='word_1_170' title='bbox 1578 1506 1787 1556; x_wconf 80' lang='lat' dir='ltr'>facende:</span> 
     </span>
     <span class='ocr_line' id='line_1_18' title="bbox 154 1574 1527 1645; baseline 0.002 -18"><span class='ocrx_word' id='word_1_171' title='bbox 154 1581 192 1627; x_wconf 80' lang='lat' dir='ltr'>si</span> <span class='ocrx_word' id='word_1_172' title='bbox 218 1581 300 1627; x_wconf 90' lang='lat' dir='ltr'>che</span> <span class='ocrx_word' id='word_1_173' title='bbox 324 1581 532 1645; x_wconf 87' lang='lat' dir='ltr'>bisognia</span> <span class='ocrx_word' id='word_1_174' title='bbox 556 1581 639 1627; x_wconf 89' lang='lat' dir='ltr'>che</span> <span class='ocrx_word' id='word_1_175' title='bbox 663 1593 708 1627; x_wconf 93' lang='lat' dir='ltr'>et</span> <span class='ocrx_word' id='word_1_176' title='bbox 736 1582 809 1628; x_wconf 92' lang='lat' dir='ltr'>noi</span> <span class='ocrx_word' id='word_1_177' title='bbox 830 1594 874 1628; x_wconf 91' lang='lat' dir='ltr'>et</span> <span class='ocrx_word' id='word_1_178' title='bbox 900 1581 997 1627; x_wconf 89' lang='lat' dir='ltr'>loro</span> <span class='ocrx_word' id='word_1_179' title='bbox 1024 1581 1269 1628; x_wconf 86' lang='lat' dir='ltr'>habbiamo</span> <span class='ocrx_word' id='word_1_180' title='bbox 1296 1574 1527 1644; x_wconf 56' lang='lat' dir='ltr'>patffintia.</span> 
     </span>
    </p>

    <p class='ocr_par' dir='ltr' id='par_1_4' title="bbox 151 1656 1788 2521">
     <span class='ocr_line' id='line_1_19' title="bbox 221 1656 1787 1721; baseline 0.001 -20"><span class='ocrx_word' id='word_1_181' title='bbox 221 1656 413 1718; x_wconf 71' lang='lat' dir='ltr'>Quanto</span> <span class='ocrx_word' id='word_1_182' title='bbox 446 1656 516 1702; x_wconf 89' lang='lat' dir='ltr'>alli</span> <span class='ocrx_word' id='word_1_183' title='bbox 543 1656 754 1713; x_wconf 89' lang='lat' dir='ltr'>costumi‚</span> <span class='ocrx_word' id='word_1_184' title='bbox 779 1656 947 1720; x_wconf 73' lang='lat' dir='ltr'>perche</span> <span class='ocrx_word' id='word_1_185' title='bbox 973 1657 1126 1702; x_wconf 86' lang='lat' dir='ltr'>hanno</span> <span class='ocrx_word' id='word_1_186' title='bbox 1154 1668 1281 1702; x_wconf 89' lang='lat' dir='ltr'>tanto</span> <span class='ocrx_word' id='word_1_187' title='bbox 1311 1656 1464 1702; x_wconf 87' lang='lat' dir='ltr'>cattiui</span> <span class='ocrx_word' id='word_1_188' title='bbox 1498 1656 1704 1721; x_wconf 90' lang='lat' dir='ltr'>essempij</span> <span class='ocrx_word' id='word_1_189' title='bbox 1743 1656 1787 1702; x_wconf 88' lang='lat' dir='ltr'>in</span> 
     </span>
     <span class='ocr_line' id='line_1_20' title="bbox 153 1729 1788 1795; baseline 0 -19"><span class='ocrx_word' id='word_1_190' title='bbox 153 1747 252 1776; x_wconf 89' lang='lat' dir='ltr'>casa</span> <span class='ocrx_word' id='word_1_191' title='bbox 275 1729 382 1777; x_wconf 89' lang='lat' dir='ltr'>dalli</span> <span class='ocrx_word' id='word_1_192' title='bbox 410 1730 582 1795; x_wconf 87' lang='lat' dir='ltr'>proprij</span> <span class='ocrx_word' id='word_1_193' title='bbox 611 1731 806 1794; x_wconf 88' lang='lat' dir='ltr'>parenti,</span> <span class='ocrx_word' id='word_1_194' title='bbox 833 1732 893 1777; x_wconf 88' lang='lat' dir='ltr'>da</span> <span class='ocrx_word' id='word_1_195' title='bbox 917 1731 1036 1795; x_wconf 89' lang='lat' dir='ltr'>quali</span> <span class='ocrx_word' id='word_1_196' title='bbox 1065 1731 1299 1794; x_wconf 86' lang='lat' dir='ltr'>imparano</span> <span class='ocrx_word' id='word_1_197' title='bbox 1325 1731 1432 1794; x_wconf 83' lang='lat' dir='ltr'>ogni</span> <span class='ocrx_word' id='word_1_198' title='bbox 1463 1731 1573 1776; x_wconf 85' lang='lat' dir='ltr'>hora</span> <span class='ocrx_word' id='word_1_199' title='bbox 1594 1748 1616 1776; x_wconf 90' lang='lat' dir='ltr'>a</span> <span class='ocrx_word' id='word_1_200' title='bbox 1637 1731 1788 1794; x_wconf 86' lang='lat' dir='ltr'>giura-</span> 
     </span>
     <span class='ocr_line' id='line_1_21' title="bbox 154 1803 1787 1868; baseline -0.001 -17"><span class='ocrx_word' id='word_1_201' title='bbox 154 1821 219 1864; x_wconf 88' lang='lat' dir='ltr'>re,</span> <span class='ocrx_word' id='word_1_202' title='bbox 237 1804 492 1868; x_wconf 88' lang='lat' dir='ltr'>desperare,</span> <span class='ocrx_word' id='word_1_203' title='bbox 518 1803 603 1851; x_wconf 87' lang='lat' dir='ltr'>far&#39;</span> <span class='ocrx_word' id='word_1_204' title='bbox 622 1804 650 1850; x_wconf 91' lang='lat' dir='ltr'>il</span> <span class='ocrx_word' id='word_1_205' title='bbox 671 1805 889 1852; x_wconf 89' lang='lat' dir='ltr'>demonio</span> <span class='ocrx_word' id='word_1_206' title='bbox 905 1817 1050 1863; x_wconf 88' lang='lat' dir='ltr'>santo,</span> <span class='ocrx_word' id='word_1_207' title='bbox 1070 1817 1114 1851; x_wconf 90' lang='lat' dir='ltr'>et</span> <span class='ocrx_word' id='word_1_208' title='bbox 1133 1805 1247 1851; x_wconf 91' lang='lat' dir='ltr'>delle</span> <span class='ocrx_word' id='word_1_209' title='bbox 1268 1804 1378 1851; x_wconf 88' lang='lat' dir='ltr'>altre</span> <span class='ocrx_word' id='word_1_210' title='bbox 1398 1805 1651 1862; x_wconf 85' lang='lat' dir='ltr'>ribaldarie;</span> <span class='ocrx_word' id='word_1_211' title='bbox 1674 1823 1787 1851; x_wconf 87' lang='lat' dir='ltr'>non-</span> 
     </span>
     <span class='ocr_line' id='line_1_22' title="bbox 154 1879 1785 1944; baseline 0.001 -19"><span class='ocrx_word' id='word_1_212' title='bbox 154 1879 339 1926; x_wconf 89' lang='lat' dir='ltr'>dimeno</span> <span class='ocrx_word' id='word_1_213' title='bbox 365 1879 425 1926; x_wconf 92' lang='lat' dir='ltr'>ho</span> <span class='ocrx_word' id='word_1_214' title='bbox 452 1880 530 1943; x_wconf 77' lang='lat' dir='ltr'>piu</span> <span class='ocrx_word' id='word_1_215' title='bbox 557 1897 779 1943; x_wconf 85' lang='lat' dir='ltr'>speranza</span> <span class='ocrx_word' id='word_1_216' title='bbox 804 1880 905 1940; x_wconf 81' lang='lat' dir='ltr'>che,</span> <span class='ocrx_word' id='word_1_217' title='bbox 935 1898 1015 1944; x_wconf 90' lang='lat' dir='ltr'>per</span> <span class='ocrx_word' id='word_1_218' title='bbox 1040 1881 1066 1926; x_wconf 90' lang='lat' dir='ltr'>il</span> <span class='ocrx_word' id='word_1_219' title='bbox 1095 1898 1262 1927; x_wconf 90' lang='lat' dir='ltr'>mezzo</span> <span class='ocrx_word' id='word_1_220' title='bbox 1286 1880 1403 1926; x_wconf 88' lang='lat' dir='ltr'>delle</span> <span class='ocrx_word' id='word_1_221' title='bbox 1429 1880 1580 1926; x_wconf 88' lang='lat' dir='ltr'>scuole</span> <span class='ocrx_word' id='word_1_222' title='bbox 1599 1892 1644 1926; x_wconf 83' lang='lat' dir='ltr'>et</span> <span class='ocrx_word' id='word_1_223' title='bbox 1668 1897 1785 1926; x_wconf 87' lang='lat' dir='ltr'>ama-</span> 
     </span>
     <span class='ocr_line' id='line_1_23' title="bbox 153 1948 1788 2019; baseline 0.001 -20"><span class='ocrx_word' id='word_1_224' title='bbox 153 1948 430 2000; x_wconf 83' lang='lat' dir='ltr'>estramento</span> <span class='ocrx_word' id='word_1_225' title='bbox 456 1954 560 2000; x_wconf 90' lang='lat' dir='ltr'>delli</span> <span class='ocrx_word' id='word_1_226' title='bbox 585 1954 795 2012; x_wconf 86' lang='lat' dir='ltr'>scholari,</span> <span class='ocrx_word' id='word_1_227' title='bbox 817 1955 953 2001; x_wconf 86' lang='lat' dir='ltr'>habbi</span> <span class='ocrx_word' id='word_1_228' title='bbox 979 1955 1023 2001; x_wconf 91' lang='lat' dir='ltr'>d&#39;</span> <span class='ocrx_word' id='word_1_229' title='bbox 1050 1955 1231 2001; x_wconf 88' lang='lat' dir='ltr'>aiutarsi</span> <span class='ocrx_word' id='word_1_230' title='bbox 1258 1966 1416 2019; x_wconf 87' lang='lat' dir='ltr'>questa</span> <span class='ocrx_word' id='word_1_231' title='bbox 1452 1954 1575 2011; x_wconf 63' lang='lat' dir='ltr'>cina,</span> <span class='ocrx_word' id='word_1_232' title='bbox 1600 1954 1683 2000; x_wconf 89' lang='lat' dir='ltr'>che</span> <span class='ocrx_word' id='word_1_233' title='bbox 1707 1971 1788 2018; x_wconf 86' lang='lat' dir='ltr'>per</span> 
     </span>
     <span class='ocr_line' id='line_1_24' title="bbox 152 2027 1787 2093; baseline 0 -19"><span class='ocrx_word' id='word_1_234' title='bbox 152 2027 424 2075; x_wconf 91' lang='lat' dir='ltr'>confessioni</span> <span class='ocrx_word' id='word_1_235' title='bbox 449 2045 478 2075; x_wconf 93' lang='lat' dir='ltr'>o</span> <span class='ocrx_word' id='word_1_236' title='bbox 502 2029 728 2092; x_wconf 86' lang='lat' dir='ltr'>prediche.</span> <span class='ocrx_word' id='word_1_237' title='bbox 759 2029 822 2076; x_wconf 87' lang='lat' dir='ltr'>Et</span> <span class='ocrx_word' id='word_1_238' title='bbox 854 2046 934 2093; x_wconf 88' lang='lat' dir='ltr'>per</span> <span class='ocrx_word' id='word_1_239' title='bbox 965 2040 1128 2093; x_wconf 86' lang='lat' dir='ltr'>questo</span> <span class='ocrx_word' id='word_1_240' title='bbox 1157 2029 1200 2075; x_wconf 95' lang='lat' dir='ltr'>io</span> <span class='ocrx_word' id='word_1_241' title='bbox 1233 2041 1373 2075; x_wconf 87' lang='lat' dir='ltr'>stesso</span> <span class='ocrx_word' id='word_1_242' title='bbox 1405 2029 1464 2075; x_wconf 90' lang='lat' dir='ltr'>mi</span> <span class='ocrx_word' id='word_1_243' title='bbox 1491 2030 1588 2075; x_wconf 88' lang='lat' dir='ltr'>son&#39;</span> <span class='ocrx_word' id='word_1_244' title='bbox 1610 2042 1742 2092; x_wconf 89' lang='lat' dir='ltr'>posto</span> <span class='ocrx_word' id='word_1_245' title='bbox 1763 2046 1787 2074; x_wconf 89' lang='lat' dir='ltr'>a</span> 
     </span>
     <span class='ocr_line' id='line_1_25' title="bbox 154 2103 1786 2167; baseline 0 -18"><span class='ocrx_word' id='word_1_246' title='bbox 154 2103 332 2167; x_wconf 85' lang='lat' dir='ltr'>leggere</span> <span class='ocrx_word' id='word_1_247' title='bbox 357 2104 402 2149; x_wconf 91' lang='lat' dir='ltr'>in</span> <span class='ocrx_word' id='word_1_248' title='bbox 427 2121 517 2149; x_wconf 90' lang='lat' dir='ltr'>una</span> <span class='ocrx_word' id='word_1_249' title='bbox 541 2104 676 2150; x_wconf 89' lang='lat' dir='ltr'>classe</span> <span class='ocrx_word' id='word_1_250' title='bbox 701 2104 816 2151; x_wconf 87' lang='lat' dir='ltr'>delle</span> <span class='ocrx_word' id='word_1_251' title='bbox 839 2105 918 2167; x_wconf 77' lang='lat' dir='ltr'>piu</span> <span class='ocrx_word' id='word_1_252' title='bbox 946 2104 1088 2164; x_wconf 81' lang='lat' dir='ltr'>basse,</span> <span class='ocrx_word' id='word_1_253' title='bbox 1116 2103 1231 2150; x_wconf 88' lang='lat' dir='ltr'>della</span> <span class='ocrx_word' id='word_1_254' title='bbox 1261 2103 1393 2167; x_wconf 89' lang='lat' dir='ltr'>quale</span> <span class='ocrx_word' id='word_1_255' title='bbox 1425 2104 1532 2150; x_wconf 90' lang='lat' dir='ltr'>tutti</span> <span class='ocrx_word' id='word_1_256' title='bbox 1568 2103 1595 2149; x_wconf 85' lang='lat' dir='ltr'>li</span> <span class='ocrx_word' id='word_1_257' title='bbox 1627 2103 1786 2150; x_wconf 90' lang='lat' dir='ltr'>scolari</span> 
     </span>
     <span class='ocr_line' id='line_1_26' title="bbox 154 2177 1786 2242; baseline 0.001 -18"><span class='ocrx_word' id='word_1_258' title='bbox 154 2179 307 2224; x_wconf 91' lang='lat' dir='ltr'>hanno</span> <span class='ocrx_word' id='word_1_259' title='bbox 333 2177 448 2224; x_wconf 87' lang='lat' dir='ltr'>fatto</span> <span class='ocrx_word' id='word_1_260' title='bbox 473 2189 598 2225; x_wconf 89' lang='lat' dir='ltr'>tanta</span> <span class='ocrx_word' id='word_1_261' title='bbox 623 2179 875 2226; x_wconf 85' lang='lat' dir='ltr'>mutatione</span> <span class='ocrx_word' id='word_1_262' title='bbox 900 2180 956 2225; x_wconf 91' lang='lat' dir='ltr'>de</span> <span class='ocrx_word' id='word_1_263' title='bbox 981 2179 1191 2235; x_wconf 89' lang='lat' dir='ltr'>costumi,</span> <span class='ocrx_word' id='word_1_264' title='bbox 1216 2179 1298 2225; x_wconf 89' lang='lat' dir='ltr'>che</span> <span class='ocrx_word' id='word_1_265' title='bbox 1324 2196 1414 2224; x_wconf 90' lang='lat' dir='ltr'>non</span> <span class='ocrx_word' id='word_1_266' title='bbox 1442 2179 1603 2242; x_wconf 88' lang='lat' dir='ltr'>paiano</span> <span class='ocrx_word' id='word_1_267' title='bbox 1637 2179 1663 2224; x_wconf 91' lang='lat' dir='ltr'>li</span> <span class='ocrx_word' id='word_1_268' title='bbox 1691 2195 1786 2225; x_wconf 90' lang='lat' dir='ltr'>me-</span> 
     </span>
     <span class='ocr_line' id='line_1_27' title="bbox 151 2253 1785 2317; baseline -0.001 -19"><span class='ocrx_word' id='word_1_269' title='bbox 151 2253 349 2300; x_wconf 88' lang='lat' dir='ltr'>dessimi.</span> <span class='ocrx_word' id='word_1_270' title='bbox 378 2253 475 2299; x_wconf 89' lang='lat' dir='ltr'>Tra</span> <span class='ocrx_word' id='word_1_271' title='bbox 494 2253 521 2299; x_wconf 86' lang='lat' dir='ltr'>li</span> <span class='ocrx_word' id='word_1_272' title='bbox 548 2253 670 2317; x_wconf 87' lang='lat' dir='ltr'>quali</span> <span class='ocrx_word' id='word_1_273' title='bbox 697 2271 746 2299; x_wconf 90' lang='lat' dir='ltr'>ce</span> <span class='ocrx_word' id='word_1_274' title='bbox 772 2253 817 2299; x_wconf 90' lang='lat' dir='ltr'>n&#39;</span> <span class='ocrx_word' id='word_1_275' title='bbox 836 2270 973 2299; x_wconf 83' lang='lat' dir='ltr'>erano</span> <span class='ocrx_word' id='word_1_276' title='bbox 1006 2253 1183 2299; x_wconf 87' lang='lat' dir='ltr'>alchuni</span> <span class='ocrx_word' id='word_1_277' title='bbox 1211 2264 1340 2299; x_wconf 87' lang='lat' dir='ltr'>tanto</span> <span class='ocrx_word' id='word_1_278' title='bbox 1373 2253 1503 2309; x_wconf 85' lang='lat' dir='ltr'>tristi,</span> <span class='ocrx_word' id='word_1_279' title='bbox 1537 2253 1620 2298; x_wconf 92' lang='lat' dir='ltr'>che</span> <span class='ocrx_word' id='word_1_280' title='bbox 1647 2253 1672 2298; x_wconf 89' lang='lat' dir='ltr'>li</span> <span class='ocrx_word' id='word_1_281' title='bbox 1707 2269 1785 2315; x_wconf 90' lang='lat' dir='ltr'>pa-</span> 
     </span>
     <span class='ocr_line' id='line_1_28' title="bbox 152 2327 1786 2392; baseline 0.001 -20"><span class='ocrx_word' id='word_1_282' title='bbox 152 2327 268 2373; x_wconf 89' lang='lat' dir='ltr'>renti</span> <span class='ocrx_word' id='word_1_283' title='bbox 290 2327 413 2373; x_wconf 90' lang='lat' dir='ltr'>stessi</span> <span class='ocrx_word' id='word_1_284' title='bbox 441 2344 495 2373; x_wconf 90' lang='lat' dir='ltr'>ne</span> <span class='ocrx_word' id='word_1_285' title='bbox 521 2328 848 2390; x_wconf 86' lang='lat' dir='ltr'>desperauano,</span> <span class='ocrx_word' id='word_1_286' title='bbox 873 2340 918 2374; x_wconf 92' lang='lat' dir='ltr'>et</span> <span class='ocrx_word' id='word_1_287' title='bbox 942 2329 984 2374; x_wconf 87' lang='lat' dir='ltr'>io</span> <span class='ocrx_word' id='word_1_288' title='bbox 1006 2329 1132 2392; x_wconf 87' lang='lat' dir='ltr'>quasi</span> <span class='ocrx_word' id='word_1_289' title='bbox 1158 2327 1195 2374; x_wconf 88' lang='lat' dir='ltr'>al</span> <span class='ocrx_word' id='word_1_290' title='bbox 1222 2328 1469 2391; x_wconf 82' lang='lat' dir='ltr'>principi03</span> <span class='ocrx_word' id='word_1_291' title='bbox 1498 2345 1571 2374; x_wconf 87' lang='lat' dir='ltr'>ma</span> <span class='ocrx_word' id='word_1_292' title='bbox 1603 2328 1736 2374; x_wconf 90' lang='lat' dir='ltr'>Iddio</span> <span class='ocrx_word' id='word_1_293' title='bbox 1761 2328 1786 2373; x_wconf 80' lang='lat' dir='ltr'>e</span> 
     </span>
     <span class='ocr_line' id='line_1_29' title="bbox 153 2401 1786 2465; baseline 0 -18"><span class='ocrx_word' id='word_1_294' title='bbox 153 2412 339 2464; x_wconf 89' lang='lat' dir='ltr'>potente</span> <span class='ocrx_word' id='word_1_295' title='bbox 372 2401 415 2447; x_wconf 88' lang='lat' dir='ltr'>in</span> <span class='ocrx_word' id='word_1_296' title='bbox 451 2401 619 2448; x_wconf 89' lang='lat' dir='ltr'>mutar&#39;</span> <span class='ocrx_word' id='word_1_297' title='bbox 651 2402 678 2448; x_wconf 94' lang='lat' dir='ltr'>li</span> <span class='ocrx_word' id='word_1_298' title='bbox 710 2403 852 2461; x_wconf 86' lang='lat' dir='ltr'>cuori,</span> <span class='ocrx_word' id='word_1_299' title='bbox 887 2403 1072 2463; x_wconf 87' lang='lat' dir='ltr'>quando</span> <span class='ocrx_word' id='word_1_300' title='bbox 1104 2402 1165 2465; x_wconf 85' lang='lat' dir='ltr'>gli</span> <span class='ocrx_word' id='word_1_301' title='bbox 1192 2402 1316 2465; x_wconf 88' lang='lat' dir='ltr'>piace</span> <span class='ocrx_word' id='word_1_302' title='bbox 1353 2413 1399 2447; x_wconf 90' lang='lat' dir='ltr'>et</span> <span class='ocrx_word' id='word_1_303' title='bbox 1436 2402 1509 2448; x_wconf 90' lang='lat' dir='ltr'>noi</span> <span class='ocrx_word' id='word_1_304' title='bbox 1550 2402 1587 2447; x_wconf 92' lang='lat' dir='ltr'>ci</span> <span class='ocrx_word' id='word_1_305' title='bbox 1622 2402 1786 2464; x_wconf 86' lang='lat' dir='ltr'>despo-</span> 
     </span>
     <span class='ocr_line' id='line_1_30' title="bbox 153 2491 318 2521; baseline 0 0"><span class='ocrx_word' id='word_1_306' title='bbox 153 2491 318 2521; x_wconf 81' lang='lat' dir='ltr'>niamo.</span> 
     </span>
    </p>

    <p class='ocr_par' dir='ltr' id='par_1_5' title="bbox 152 2550 1785 2985">
     <span class='ocr_line' id='line_1_31' title="bbox 218 2550 1784 2614; baseline -0.001 -18"><span class='ocrx_word' id='word_1_307' title='bbox 218 2550 360 2596; x_wconf 88' lang='lat' dir='ltr'>Molti</span> <span class='ocrx_word' id='word_1_308' title='bbox 387 2550 461 2614; x_wconf 67' lang='lat' dir='ltr'>gia.</span> <span class='ocrx_word' id='word_1_309' title='bbox 485 2550 530 2597; x_wconf 92' lang='lat' dir='ltr'>d‘</span> <span class='ocrx_word' id='word_1_310' title='bbox 550 2551 632 2597; x_wconf 91' lang='lat' dir='ltr'>essi</span> <span class='ocrx_word' id='word_1_311' title='bbox 665 2551 868 2614; x_wconf 87' lang='lat' dir='ltr'>uoglion&#39;</span> <span class='ocrx_word' id='word_1_312' title='bbox 889 2552 1020 2597; x_wconf 87' lang='lat' dir='ltr'>esser&#39;</span> <span class='ocrx_word' id='word_1_313' title='bbox 1040 2550 1157 2597; x_wconf 88' lang='lat' dir='ltr'>della</span> <span class='ocrx_word' id='word_1_314' title='bbox 1188 2551 1502 2614; x_wconf 80' lang='lat' dir='ltr'>Compagnia3</span> <span class='ocrx_word' id='word_1_315' title='bbox 1533 2563 1591 2607; x_wconf 91' lang='lat' dir='ltr'>et,</span> <span class='ocrx_word' id='word_1_316' title='bbox 1624 2562 1692 2596; x_wconf 86' lang='lat' dir='ltr'>tra</span> <span class='ocrx_word' id='word_1_317' title='bbox 1723 2550 1784 2613; x_wconf 87' lang='lat' dir='ltr'>gl’</span> 
     </span>
     <span class='ocr_line' id='line_1_32' title="bbox 152 2624 1785 2688; baseline 0.001 -18"><span class='ocrx_word' id='word_1_318' title='bbox 152 2624 269 2682; x_wconf 89' lang='lat' dir='ltr'>altri,</span> <span class='ocrx_word' id='word_1_319' title='bbox 298 2625 373 2671; x_wconf 90' lang='lat' dir='ltr'>doi</span> <span class='ocrx_word' id='word_1_320' title='bbox 397 2625 477 2687; x_wconf 81' lang='lat' dir='ltr'>piu</span> <span class='ocrx_word' id='word_1_321' title='bbox 503 2625 621 2671; x_wconf 86' lang='lat' dir='ltr'>dotti</span> <span class='ocrx_word' id='word_1_322' title='bbox 646 2637 691 2671; x_wconf 91' lang='lat' dir='ltr'>et</span> <span class='ocrx_word' id='word_1_323' title='bbox 717 2625 762 2671; x_wconf 89' lang='lat' dir='ltr'>di</span> <span class='ocrx_word' id='word_1_324' title='bbox 797 2625 1015 2688; x_wconf 87' lang='lat' dir='ltr'>megliore</span> <span class='ocrx_word' id='word_1_325' title='bbox 1044 2626 1188 2688; x_wconf 85' lang='lat' dir='ltr'>gratie</span> <span class='ocrx_word' id='word_1_326' title='bbox 1218 2626 1335 2672; x_wconf 90' lang='lat' dir='ltr'>della</span> <span class='ocrx_word' id='word_1_327' title='bbox 1367 2626 1455 2671; x_wconf 89' lang='lat' dir='ltr'>mia</span> <span class='ocrx_word' id='word_1_328' title='bbox 1486 2626 1650 2681; x_wconf 83' lang='lat' dir='ltr'>schola3</span> <span class='ocrx_word' id='word_1_329' title='bbox 1682 2637 1726 2671; x_wconf 90' lang='lat' dir='ltr'>et</span> <span class='ocrx_word' id='word_1_330' title='bbox 1757 2626 1785 2688; x_wconf 86' lang='lat' dir='ltr'>il</span> 
     </span>
     <span class='ocr_line' id='line_1_33' title="bbox 153 2698 1784 2763; baseline 0 -18"><span class='ocrx_word' id='word_1_331' title='bbox 153 2710 298 2756; x_wconf 90' lang='lat' dir='ltr'>terzo,</span> <span class='ocrx_word' id='word_1_332' title='bbox 324 2698 352 2745; x_wconf 90' lang='lat' dir='ltr'>il</span> <span class='ocrx_word' id='word_1_333' title='bbox 375 2698 541 2762; x_wconf 88' lang='lat' dir='ltr'>meglio</span> <span class='ocrx_word' id='word_1_334' title='bbox 566 2710 849 2746; x_wconf 90' lang='lat' dir='ltr'>acostumato</span> <span class='ocrx_word' id='word_1_335' title='bbox 876 2711 921 2746; x_wconf 90' lang='lat' dir='ltr'>et</span> <span class='ocrx_word' id='word_1_336' title='bbox 958 2699 1085 2763; x_wconf 90' lang='lat' dir='ltr'>quasi</span> <span class='ocrx_word' id='word_1_337' title='bbox 1118 2699 1197 2762; x_wconf 78' lang='lat' dir='ltr'>piu</span> <span class='ocrx_word' id='word_1_338' title='bbox 1230 2701 1363 2746; x_wconf 90' lang='lat' dir='ltr'>dotto</span> <span class='ocrx_word' id='word_1_339' title='bbox 1394 2699 1512 2747; x_wconf 85' lang='lat' dir='ltr'>della</span> <span class='ocrx_word' id='word_1_340' title='bbox 1542 2700 1696 2746; x_wconf 89' lang='lat' dir='ltr'>schola</span> <span class='ocrx_word' id='word_1_341' title='bbox 1728 2701 1784 2746; x_wconf 88' lang='lat' dir='ltr'>de</span> 
     </span>
     <span class='ocr_line' id='line_1_34' title="bbox 153 2772 1783 2832; baseline 0.001 -13"><span class='ocrx_word' id='word_1_342' title='bbox 153 2772 472 2820; x_wconf 89' lang='lat' dir='ltr'>Guidantonio</span> <span class='ocrx_word' id='word_1_343' title='bbox 493 2772 522 2821; x_wconf 87' lang='lat'>¹.</span> <span class='ocrx_word' id='word_1_344' title='bbox 557 2773 610 2819; x_wconf 96' lang='lat' dir='ltr'>Io</span> <span class='ocrx_word' id='word_1_345' title='bbox 641 2773 764 2831; x_wconf 82' lang='lat' dir='ltr'>dico,</span> <span class='ocrx_word' id='word_1_346' title='bbox 801 2773 946 2820; x_wconf 88' lang='lat' dir='ltr'>Padre</span> <span class='ocrx_word' id='word_1_347' title='bbox 980 2774 1094 2832; x_wconf 88' lang='lat' dir='ltr'>mio,</span> <span class='ocrx_word' id='word_1_348' title='bbox 1123 2774 1206 2820; x_wconf 93' lang='lat' dir='ltr'>che</span> <span class='ocrx_word' id='word_1_349' title='bbox 1236 2791 1383 2821; x_wconf 90' lang='lat' dir='ltr'>sonno</span> <span class='ocrx_word' id='word_1_350' title='bbox 1414 2774 1518 2820; x_wconf 89' lang='lat' dir='ltr'>tutti</span> <span class='ocrx_word' id='word_1_351' title='bbox 1552 2785 1621 2820; x_wconf 90' lang='lat' dir='ltr'>tre</span> <span class='ocrx_word' id='word_1_352' title='bbox 1656 2786 1783 2820; x_wconf 87' lang='lat' dir='ltr'>tanto</span> 
     </span>
     <span class='ocr_line' id='line_1_35' title="bbox 152 2845 1781 2912; baseline 0.001 -19"><span class='ocrx_word' id='word_1_353' title='bbox 152 2845 255 2893; x_wconf 91' lang='lat' dir='ltr'>ben’</span> <span class='ocrx_word' id='word_1_354' title='bbox 275 2846 418 2894; x_wconf 89' lang='lat' dir='ltr'>dotati</span> <span class='ocrx_word' id='word_1_355' title='bbox 444 2847 502 2894; x_wconf 86' lang='lat' dir='ltr'>da</span> <span class='ocrx_word' id='word_1_356' title='bbox 527 2847 622 2894; x_wconf 94' lang='lat' dir='ltr'>Dio</span> <span class='ocrx_word' id='word_1_357' title='bbox 650 2847 719 2893; x_wconf 92' lang='lat' dir='ltr'>nel</span> <span class='ocrx_word' id='word_1_358' title='bbox 745 2865 887 2911; x_wconf 89' lang='lat' dir='ltr'>corpo</span> <span class='ocrx_word' id='word_1_359' title='bbox 913 2859 957 2894; x_wconf 92' lang='lat' dir='ltr'>et</span> <span class='ocrx_word' id='word_1_360' title='bbox 976 2847 1062 2894; x_wconf 89' lang='lat' dir='ltr'>nel&#39;</span> <span class='ocrx_word' id='word_1_361' title='bbox 1083 2848 1251 2905; x_wconf 89' lang='lat' dir='ltr'>animo,</span> <span class='ocrx_word' id='word_1_362' title='bbox 1270 2849 1355 2895; x_wconf 91' lang='lat' dir='ltr'>che</span> <span class='ocrx_word' id='word_1_363' title='bbox 1375 2865 1549 2912; x_wconf 90' lang='lat' dir='ltr'>parono</span> <span class='ocrx_word' id='word_1_364' title='bbox 1569 2849 1781 2912; x_wconf 83' lang='lat' dir='ltr'>angelini,</span> 
     </span>
     <span class='ocr_line' id='line_1_36' title="bbox 154 2920 1783 2985; baseline 0.002 -18"><span class='ocrx_word' id='word_1_365' title='bbox 154 2920 258 2968; x_wconf 88' lang='lat' dir='ltr'>delli</span> <span class='ocrx_word' id='word_1_366' title='bbox 278 2921 397 2985; x_wconf 88' lang='lat' dir='ltr'>quali</span> <span class='ocrx_word' id='word_1_367' title='bbox 419 2921 445 2967; x_wconf 94' lang='lat' dir='ltr'>l&#39;</span> <span class='ocrx_word' id='word_1_368' title='bbox 462 2938 556 2969; x_wconf 90' lang='lat' dir='ltr'>uno</span> <span class='ocrx_word' id='word_1_369' title='bbox 575 2922 608 2968; x_wconf 91' lang='lat' dir='ltr'>si</span> <span class='ocrx_word' id='word_1_370' title='bbox 630 2922 803 2969; x_wconf 89' lang='lat' dir='ltr'>chiama</span> <span class='ocrx_word' id='word_1_371' title='bbox 830 2923 1098 2982; x_wconf 84' lang='lat' dir='ltr'>Benedetto,</span> <span class='ocrx_word' id='word_1_372' title='bbox 1126 2923 1153 2968; x_wconf 91' lang='lat' dir='ltr'>l&#39;</span> <span class='ocrx_word' id='word_1_373' title='bbox 1174 2923 1290 2970; x_wconf 89' lang='lat' dir='ltr'>altro</span> <span class='ocrx_word' id='word_1_374' title='bbox 1310 2924 1586 2980; x_wconf 87' lang='lat' dir='ltr'>Domenico,</span> <span class='ocrx_word' id='word_1_375' title='bbox 1607 2924 1632 2970; x_wconf 92' lang='lat' dir='ltr'>il</span> <span class='ocrx_word' id='word_1_376' title='bbox 1654 2937 1783 2971; x_wconf 84' lang='lat' dir='ltr'>terzo</span> 
     </span>
    </p>
   </div>
   <div class='ocr_carea' id='block_1_3' title="bbox 206 3153 629 3196">
    <p class='ocr_par' dir='ltr' id='par_1_6' title="bbox 206 3153 629 3196">
     <span class='ocr_line' id='line_1_37' title="bbox 206 3153 629 3196; baseline 0.009 -4"><span class='ocrx_word' id='word_1_377' title='bbox 206 3153 220 3180; x_wconf 93' lang='lat'><strong>¹</strong></span> <span class='ocrx_word' id='word_1_378' title='bbox 278 3156 405 3194; x_wconf 89' lang='lat' dir='ltr'>Guido</span> <span class='ocrx_word' id='word_1_379' title='bbox 425 3158 629 3196; x_wconf 85' lang='lat' dir='ltr'>Antonius.</span> 
     </span>
    </p>
   </div>
  </div>
 </body>
</html>
