2014 3528
770 270 819 304 10
847 271 952 312 J'UNH
987 259 1087 317 1556
1615 271 1690 316 353

111 367 370 428 stomacho,
409 380 636 417 conti-atta
669 370 714 416 in
747 371 923 430 Roma,
954 383 999 418 et
1036 388 1116 435 per
1147 371 1329 418 essermi
1361 371 1561 435 indegno
1592 371 1637 417 di
1670 382 1746 417 tan

109 445 346 513 eecellente
370 445 539 509 grado;
564 445 642 491 fiat
666 456 816 491 tamen
843 447 970 510 quod
995 446 1038 492 in
1064 446 1206 492 oculis
1232 446 1320 492 Dei
1347 445 1522 491 bonum
1548 457 1636 502 est,
1662 456 1746 492 etc.

178 519 215 566 11
245 517 391 566 frutto
423 521 506 565 che
537 519 598 565 ho
632 518 748 565 fatto
780 521 858 584 qui
892 521 1007 568 nelle
1039 521 1254 584 prediche
1275 521 1288 546 ¹
1323 521 1368 578 ἐ,
1398 521 1480 567 che
1515 520 1541 578 li
1577 520 1748 584 signori

114 594 232 642 della
261 606 380 640 terra
409 594 571 640 adesso
600 606 781 641 restano
813 595 876 641 fin
907 596 989 642 alla
1021 596 1306 643 benediction
1334 596 1423 644 dell
1448 596 1681 643 sacerdote
1705 595 1749 640 in

117 670 156 715 la
179 668 368 725 chiesia,
391 676 437 714 et'
464 668 491 714 li
517 668 698 714 heretici
732 670 1030 717 comenciono
1060 671 1257 718 dubitar’
1285 670 1401 717 della
1434 669 1534 716 loro
1565 669 1747 715 heresia.

118 743 291 790 Alcuni
325 743 677 806 gentilhuomini
717 744 779 789 mi
814 744 968 791 hanno
999 759 1191 810 pregato
1224 746 1307 792 che
1340 745 1501 791 uolessi
1537 744 1682 791 andar
1718 743 1750 788 li

118 835 142 864 a
159 817 329 865 uisitar'
349 817 419 863 alli
447 817 545 863 loro
570 817 750 864 castelli.
771 817 846 864 Vn
874 819 1134 866 comissario
1159 819 1233 866 del
1260 819 1512 882 patriarcha
1531 818 1577 865 di
1603 817 1751 881 Aqui-

120 894 204 959 leja
223 893 254 951 ²,
283 894 367 941 che
396 906 463 939 sta
487 893 565 957 qui
591 910 828 957 appresso,
859 895 1054 941 anchora
1087 895 1149 940 mi
1182 895 1238 940 ha
1269 906 1461 958 pregato
1497 893 1645 939 molto
1670 894 1753 938 che

119 969 282 1015 uolessi
308 984 400 1014 una
419 969 544 1017 uolta
571 969 699 1014 uenir
718 985 742 1014 a
762 968 839 1025 lui,
865 985 945 1032 per
970 980 1102 1032 poter
1125 985 1245 1015 esser
1270 966 1519 1014 informato
1539 967 1618 1030 pisi
1639 967 1754 1013 bene

120 1043 236 1091 della
260 1043 480 1106 religione
506 1042 740 1090 catholica.
770 1043 1000 1089 Dominus
1026 1043 1300 1106 multiplicet·
1326 1040 1502 1088 fructus
1526 1041 1748 1106 euangelij

120 1118 185 1164 sui
213 1118 257 1164 in
285 1118 370 1163 hoc
394 1116 531 1164 sterili
560 1116 835 1163 Germaniae
860 1134 984 1181 agro.
1017 1118 1139 1165 Rdo.
1170 1118 1338 1174 Padre,
1364 1117 1434 1162 alli
1464 1115 1624 1162 fratelli
1651 1116 1756 1162 cha·

122 1192 284 1239 rissimi
310 1191 382 1239 del
409 1191 603 1255 collegio
628 1202 673 1238 et
698 1191 743 1238 di
770 1209 869 1238 casa
892 1209 1070 1256 sempre
1097 1191 1242 1238 molto
1268 1192 1327 1237 mi
1356 1191 1671 1237 raccomando.
1695 1190 1754 1235 Di

128 1267 338 1315 Lubiana
357 1265 372 1290 ³
396 1283 421 1312 a
452 1281 508 1313 10
539 1267 582 1313 di
614 1265 773 1325 Junio.
804 1267 863 1315 D.
890 1266 947 1313 V.
978 1266 1038 1313 R.
1071 1265 1278 1329 figliuolo
1309 1276 1354 1312 et
1384 1282 1517 1311 seruo
1542 1265 1757 1327 indegno,

1294 1367 1448 1427 JONA‚
1486 1383 1562 1430 pp.

192 1488 261 1535 La
283 1489 474 1551 risposta
492 1505 517 1534 a
537 1488 806 1551 monsignor
834 1489 975 1536 Rmo.
1002 1488 1047 1535 di
1077 1487 1290 1534 Lubiano
1316 1486 1534 1534 mandara
1554 1486 1594 1531 la
1620 1487 1676 1533 R.
1699 1485 1757 1532 V.

126 1564 329 1627 perdon
366 1563 581 1626 Philippo
611 1563 748 1619 Ruis,
781 1562 944 1609 abbate
968 1564 1013 1610 di
1040 1564 1284 1626 Sumanga‚
1317 1562 1354 1608 al
1382 1562 1522 1608 Rmo.
1552 1561 1759 1607 Modru-

127 1638 269 1684 siense
290 1636 319 1696 ⁴,
344 1637 382 1683 si
407 1654 538 1683 come
562 1637 589 1683 l'
612 1637 723 1683 altra
748 1637 873 1683 uolta
897 1639 1057 1686 scrissi.

193 1777 445 1839 Inscriptio:
468 1777 499 1837 ἦ
519 1775 581 1821 ΑΙ
602 1775 748 1822 molto
779 1776 900 1824 Rdo.
921 1777 964 1823 in
992 1777 1178 1824 Christo
1208 1776 1369 1833 Padre,
1388 1775 1427 1822 el
1450 1775 1498 1822 P.
1527 1775 1601 1822 M.
1627 1775 1762 1837 Igna-

129 1852 193 1899 tio
225 1852 281 1898 de
312 1850 512 1913 Loyoia‚
544 1851 780 1914 preposito
810 1852 1018 1914 generale
1047 1852 1163 1897 della
1195 1851 1483 1913 Compagnia
1516 1850 1558 1896 di
1593 1849 1762 1909 JESV,

130 1929 176 1975 in
201 1929 291 1976 Sta.
322 1927 474 1974 Maria
498 1927 614 1973 della
638 1927 821 1984 Strada,
852 1943 1067 1989 appresso
1096 1927 1138 1974 S.
1167 1926 1348 1973 Marco.
1375 1924 1428 1970 In
1458 1925 1623 1970 Roma.
1652 1925 1760 1970 Alia

130 2019 278 2050 manu:
311 2002 448 2064 1556.
477 2002 580 2049 R.ta
604 2001 676 2048 alli
706 2004 728 2048 8
757 2002 802 2048 di
832 2001 1014 2065 Luglio.

189 2158 200 2179 ¹
257 2161 330 2198 Ms.
345 2156 592 2210 prediqclze.

186 2222 203 2248 ²
258 2223 518 2271 Aquilejensis
541 2222 759 2268 patriarcha
781 2226 862 2258 erat
882 2221 1018 2258 Daniel
1037 2221 1219 2257 Barbaro.
1242 2221 1376 2257 GAMS.

187 2285 203 2310 ³
261 2287 498 2331 ‹Labacum,
521 2285 703 2322 Laubach
723 2285 880 2331 incolis,
902 2285 1075 2321 Lubiana
1093 2284 1196 2320 italis
1223 2284 1381 2328 dicitur,
1404 2293 1427 2328 9
1455 2280 1576 2317 leucis
1605 2280 1721 2316 distat
1742 2291 1764 2315 a

135 2350 317 2396 Tergeste
339 2349 377 2385 in
397 2348 598 2385 Boream».
620 2347 868 2393 FERRARIUS,
890 2344 1075 2384 Lex-icon
1091 2343 1443 2396 geographicum,
1466 2349 1491 2381 t.
1513 2352 1538 2389 1,
1561 2354 1646 2389 pag.
1668 2352 1761 2390 359.

189 2409 203 2435 ¹
259 2411 560 2458 Christophorus
581 2410 840 2457 Madruccius,
863 2410 1093 2446 tridentinus
1114 2409 1317 2455 episcopus
1340 2419 1384 2444 ac
1404 2406 1624 2443 cardinalis.

270 3221 445 3261 Busa-ou:
468 3229 622 3266 Min-At,
648 3236 741 3266 Tou„
756 3232 785 3258 v.
1610 3225 1647 3259 23
