2014 3528
812 266 834 309 7
863 267 968 304 Jmm
1000 246 1101 310 1556
1642 261 1719 310 349

139 376 188 408 ac
214 361 418 409 moribus
441 363 645 410 ociosum
678 377 795 412 esset
829 365 973 412 multa
1003 364 1167 421 dicere,
1201 381 1306 410 cum
1333 363 1413 410 tibi
1448 380 1539 410 non
1564 364 1771 411 dubitem

139 440 246 486 haec
270 439 438 496 omnia,
470 456 609 503 quam
644 441 776 498 mihi,
807 458 900 487 esse
933 440 1067 503 longe
1097 439 1414 502 exploratiora.
1450 439 1603 485 Totus
1635 450 1704 485 est
1728 440 1772 485 in

138 513 292 560 studio
319 529 547 560 sacrarum
577 514 825 572 literarum,
850 533 874 561 e
899 514 1067 579 quibus
1092 513 1243 560 haurit
1266 531 1382 577 quae
1408 513 1582 577 populo
1612 513 1656 560 in
1682 515 1773 560 suis

138 587 433 634 concionibus
457 588 715 648 distribuat,
748 606 859 652 quas
892 588 1029 635 habet
1059 587 1320 651 frequentes
1350 588 1456 634 satis
1486 605 1535 634 ac
1559 588 1771 646 eruditas,

139 662 216 709 sed
244 674 433 726 propter
459 663 582 709 uocis
607 664 928 710 insuauitatem
948 680 996 710 ac
1022 663 1279 709 uastitatem
1297 662 1584 709 auditoribus
1609 679 1771 726 parum

141 747 304 801 gratas.
331 736 546 801 Cumque
571 738 844 786 incredibilis
868 739 924 784 sit
948 737 1085 784 animi
1112 737 1156 783 in
1181 754 1235 784 eo
1255 737 1440 800 puritas,
1466 754 1572 784 cum
1592 755 1773 784 summa

140 828 295 857 rerum
338 811 643 875 plurimarum
674 813 935 877 cognitione
977 812 1237 869 coniuncta,
1273 824 1423 858 tamen
1468 813 1616 859 nescio
1658 830 1771 877 quo-

141 887 281 933 modo
302 897 372 933 tot
392 897 579 951 tamque
605 889 856 951 praeclaras
875 887 1011 933 animi
1032 887 1163 934 dotes
1186 886 1387 950 inquieta
1402 898 1626 950 perpetuo
1650 904 1772 934 scru-

139 962 257 1026 pulis
280 963 552 1011 conscientia
575 965 802 1013 obscuret.

204 1038 380 1084 Blasius
405 1039 615 1098 Sanches,
647 1039 823 1104 collegii
852 1039 991 1086 nostri
1018 1047 1303 1102 procurator,
1335 1029 1508 1082 annum
1536 1037 1631 1100 agit
1655 1049 1774 1084 aeta-

138 1113 193 1159 tis
218 1129 323 1159 suae
349 1113 634 1176 trigesimum
660 1126 854 1160 sextum.
881 1112 1089 1176 Corpore
1115 1112 1228 1158 adeo
1254 1110 1388 1156 firmo
1414 1120 1459 1156 et
1483 1110 1540 1157 ad
1563 1110 1772 1158 laborum

137 1188 424 1234 tolerantiam
443 1188 624 1247 durato,
647 1199 698 1234 ut
722 1205 941 1237 corneum
963 1187 1115 1251 potius
1143 1186 1354 1232 uideatur
1378 1202 1516 1249 quam
1537 1184 1772 1244 carneum3

137 1264 290 1309 animo
318 1281 428 1309 uero
454 1274 523 1310 tot
547 1264 774 1328 tantisque
805 1263 1054 1310 uirtutibus
1083 1271 1323 1320 exornato,
1361 1271 1412 1305 ut
1441 1260 1569 1307 illum
1595 1261 1725 1308 nobis
1749 1280 1774 1308 a

139 1339 243 1385 Deo
285 1339 525 1396 donatum,
568 1350 785 1403 tanquam
826 1339 987 1384 uiuum
1032 1337 1266 1402 quoddam
1300 1335 1526 1382 uirtutum
1561 1337 1771 1383 omnium

136 1414 381 1477 exemplar,
409 1431 501 1461 non
533 1415 756 1462 dubitem.
791 1415 923 1477 Quas
954 1431 1060 1460 curn
1095 1429 1186 1459 non
1220 1411 1389 1475 possim
1425 1411 1511 1469 illa,
1545 1429 1661 1476 quae
1692 1413 1771 1460 tibi

136 1488 391 1552 gratissima
420 1506 600 1553 semper
632 1501 717 1547 est,
745 1489 969 1536 breuitate
1000 1487 1263 1552 complecti,
1292 1486 1412 1533 malo
1443 1486 1620 1534 silentio
1646 1505 1773 1551 prae-

137 1563 287 1622 terire,
312 1580 467 1628 quam,
491 1564 607 1610 sicco
635 1564 712 1626 (ut
736 1564 887 1626 aiunt)
917 1563 1031 1627 pede
1057 1561 1383 1626 percurrendO,
1410 1562 1466 1608 de
1492 1561 1669 1609 illarum
1696 1563 1773 1609 ali-

136 1638 249 1701 quid
275 1637 484 1685 laudibus
508 1638 764 1702 decerpere.

202 1711 404 1758 Stultum
430 1725 544 1759 esset
563 1713 607 1759 in
633 1712 912 1759 suauissimis
933 1711 1164 1759 Guidonis
1183 1711 1375 1758 Antonii
1397 1711 1603 1758 moribus
1622 1728 1774 1758 recen-

135 1786 288 1833 sendis
329 1798 510 1851 tempus
550 1804 841 1846 consumere,
882 1803 999 1851 quos
1036 1797 1079 1833 te
1112 1786 1201 1832 iam
1237 1786 1416 1850 pridem
1450 1787 1632 1850 penitus
1674 1805 1774 1851 per-

135 1863 332 1927 spexisse
359 1881 452 1910 non
478 1864 654 1928 ignoro.
690 1865 841 1911 Docet
867 1864 911 1910 in
937 1861 1101 1909 scholis
1134 1879 1226 1908 non
1257 1863 1546 1926 indiligenter
1571 1863 1773 1927 quidem,

136 1938 214 1984 sed
252 1955 413 2001 parum
448 1937 688 1996 foeliciter,
720 1939 846 2003 quod
885 1955 975 1984 non
1008 1937 1065 1984 sit
1097 1937 1153 1983 ad
1184 1937 1269 1984 hoc
1296 1954 1464 1983 munus
1504 1937 1773 1984 obeundum

137 2012 391 2059 admodum
417 2013 624 2070 idoneus3
650 2026 717 2060 est
741 2014 862 2060 enim
883 2013 996 2060 adeo
1022 2012 1132 2058 lenis
1152 2023 1197 2058 et
1219 2013 1314 2059 sine
1335 2012 1597 2070 acrimonia,
1623 2025 1675 2059 ut
1695 2029 1774 2059 nee

138 2098 369 2150 torpentes
394 2087 639 2150 discipulos
663 2087 871 2144 excitare,
907 2104 987 2133 nec
1021 2086 1335 2132 insolescentes
1365 2086 1773 2150 reprehensionum

137 2161 299 2207 aculeis
324 2162 506 2208 nouerit
530 2179 752 2210 coercere.
779 2161 1057 2209 Valetudine
1082 2165 1197 2207 adeo
1228 2161 1375 2218 tenui,
1402 2173 1452 2206 ut
1487 2160 1596 2207 nihil
1620 2178 1771 2224 supra.

138 2235 260 2281 Mox
284 2252 545 2299 egressurus
569 2248 635 2284 est
659 2255 832 2283 annum
859 2237 1015 2283 aetatis
1039 2253 1143 2282 suae
1170 2235 1445 2298 uigesimum
1472 2236 1674 2284 tertium.

199 2310 401 2370 Joannes
426 2311 646 2375 Baptista,
668 2312 995 2376 neapolitanus,
1017 2329 1041 2357 a
1065 2311 1212 2358 tribus
1236 2310 1380 2358 ferme
1405 2312 1534 2358 annis
1558 2312 1603 2358 in
1626 2312 1773 2358 Socie-

137 2396 276 2431 tatem
302 2386 540 2444 admissus,
567 2388 738 2434 accedit
762 2388 818 2434 ad
845 2405 1016 2434 annum
1038 2387 1268 2433 decimum
1294 2387 1555 2450 septimum.
1578 2387 1775 2447 Juuenis

137 2471 204 2506 est
227 2460 378 2507 indole
403 2460 582 2520 eitimia,
609 2462 814 2509 moribus
838 2461 1168 2526 placidissimis,
1194 2473 1239 2508 et
1265 2479 1350 2525 pro
1381 2473 1524 2508 aetate
1549 2463 1594 2509 in
1620 2462 1773 2519 literis,

138 2547 231 2581 tam
257 2536 426 2598 graecis
449 2553 589 2600 quam
613 2537 777 2596 latinis,
802 2537 947 2602 probe
971 2537 1189 2584 eruditus:
1217 2537 1273 2583 de
1293 2554 1402 2601 quo,
1427 2537 1461 2583 si
1486 2537 1542 2583 ab
1568 2537 1774 2584 instituta

140 2609 324 2656 uiuendi
352 2611 527 2657 ratione
553 2628 644 2658 non
670 2612 874 2671 discedit,
899 2629 1080 2658 summa
1105 2611 1261 2658 omnia
1287 2611 1487 2675 polliceri
1514 2628 1771 2675 possumus.

142 2683 323 2731 Praeest
349 2703 587 2749 supremae
611 2688 940 2751 discipulorum
965 2687 1091 2734 classi
1124 2703 1293 2751 magna
1319 2704 1424 2733 cum
1458 2687 1668 2733 omnium
1694 2687 1774 2733 ad-

143 2758 395 2816 miratione,
436 2773 480 2809 et
523 2778 612 2807 non
645 2762 814 2825 exiguo
855 2762 1119 2808 auditorum
1157 2761 1327 2809 fructu.
1375 2762 1650 2809 Valetudine
1693 2773 1773 2818 est,

142 2845 331 2895 propter
355 2835 613 2882 studiorum
641 2837 946 2883 assiduitatem
974 2849 1018 2882 et
1044 2837 1245 2899 gymnici
1281 2837 1446 2882 laboris
1471 2837 1772 2893 insolentiam,

142 2924 231 2954 non
260 2909 513 2956 admodum
540 2910 686 2969 firma,
712 2923 756 2957 et
780 2928 896 2975 quae
922 2910 1048 2957 facile
1073 2910 1349 2967 offendatur¹

207 2983 280 3030 De
312 2984 440 3030 Pauli
474 2985 718 3032 Mantuani
751 2987 950 3049 ingenio,
986 2986 1135 3043 literiS,
1168 2986 1387 3042 moribus,
1427 3003 1515 3031 non
1548 2998 1615 3032 est
1647 2986 1773 3049 quod

140 3058 440 3120 prolixiorem
466 3061 772 3107 narrationem
798 3061 1068 3119 adscribam,
1095 3078 1164 3118 ne,
1193 3077 1309 3124 quae
1335 3060 1470 3124 longa
1494 3060 1773 3123 experientia

140 3134 423 3197 comperisti,
463 3135 726 3200 importune
762 3147 990 3200 repetens,
1026 3136 1227 3182 taedium
1267 3135 1475 3191 afferam,
1516 3152 1596 3181 nec
1633 3134 1770 3182 ullam
