2008 3510
760 266 806 306 15
836 254 1024 307 JANUARn
1056 263 1153 305 1551
1646 263 1724 304 717

142 377 172 423 y
195 359 381 423 apiadar
408 359 481 407 del
515 376 645 418 mon,
682 377 742 406 no
776 377 938 407 manco
968 376 1025 406 en
1057 369 1210 405 nostra
1238 358 1510 421 temporada
1538 357 1715 405 desuiat
1746 376 1777 422 y

141 435 327 498 perdut‚
355 450 443 497 que
466 451 522 480 en
549 433 592 479 lo
617 445 766 497 temps
789 451 879 498 que
903 434 1096 480 enuiaua
1117 431 1319 497 profetes
1344 450 1373 495 y
1402 433 1467 478 los
1491 432 1777 480 instituidors

140 510 197 557 de
228 511 289 556 las
318 509 542 572 religions.
571 509 699 555 Gran
723 509 948 573 obligaci6
972 509 1018 555 te
1052 508 1095 554 lo
1126 525 1235 554 mon
1267 524 1323 554 en
1356 519 1561 570 acceptar
1585 507 1626 553 la
1655 525 1777 554 noua

140 583 236 630 lum
256 600 346 648 que
370 583 414 629 lo
439 584 582 629 Sefior
606 583 635 630 li
660 583 812 642 enuia,
832 601 892 629 no
916 583 1005 630 sols
1023 599 1104 647 per
1128 582 1168 628 la
1191 599 1305 645 gran
1330 581 1550 645 seguedat
1573 598 1662 646 que
1686 582 1776 628 deu

139 675 336 705 conexer
359 675 448 722 que
472 659 534 715 te,
559 675 645 722 pus
668 658 696 705 li
722 659 892 705 enuien
914 658 1029 715 lum,
1048 674 1159 721 pero
1178 673 1260 720 per
1284 655 1488 703 trobarse
1506 656 1660 703 tambe
1686 673 1711 703 a
1736 657 1777 702 la

139 750 318 780 onzena
342 733 454 779 hora
476 733 549 779 del
573 733 666 791 dia,
694 733 864 780 vehent
888 750 977 797 que
1000 732 1046 779 lo
1069 732 1148 779 dia
1171 743 1238 778 sta
1262 731 1303 777 ia
1326 748 1408 795 per
1430 730 1655 779 acabarse.

204 808 252 853 Y
275 807 367 866 axi,
392 819 616 853 conexent
638 807 886 854 clarament
910 806 1130 853 nosaltres
1155 806 1195 852 la
1229 805 1371 852 molta
1404 806 1639 852 necessitat
1661 822 1773 870 que-

139 892 207 928 sta
233 892 386 927 nostra
409 881 551 927 ciutat
575 882 619 928 te‘
643 882 700 928 de
725 898 817 927 vna
841 899 954 945 poca
978 882 1106 928 desta
1130 881 1248 938 lum,
1283 880 1533 943 supplicam
1561 896 1587 925 a
1612 880 1673 927 V.
1699 879 1773 937 Ρ.,

139 955 181 1003 31
212 956 316 1020 qual
356 956 399 1002 10
430 956 572 1002 Sefior
603 956 662 1001 ha
694 954 760 1002 fet
790 955 1089 1002 distribuidor
1120 972 1149 1001 0
1177 953 1504 1001 comunicador
1536 953 1664 1000 desta
1694 970 1774 1000 sua

139 1031 257 1087 lum,
283 1031 410 1095 tinga
433 1047 513 1094 per
537 1029 593 1076 be
625 1031 682 1077 de
714 1029 868 1077 fernos
900 1030 1092 1076 charitat
1121 1029 1180 1076 de
1211 1028 1368 1075 enuiar
1397 1045 1421 1074 a
1444 1038 1512 1074 sta
1544 1027 1686 1074 ciutat
1709 1044 1773 1074 vn

139 1104 410 1167 predicador
441 1105 498 1151 de
530 1104 570 1150 la
601 1121 682 1151 sua
716 1104 1032 1168 Companyia,
1066 1106 1091 1150 a
1123 1103 1163 1149 la
1203 1102 1308 1167 qual
1343 1103 1486 1149 tenim
1520 1119 1771 1166 sperances‚

139 1178 395 1242 migensant
432 1178 472 1224 la
509 1179 658 1242 gracia
689 1178 866 1241 diuina,
901 1195 990 1242 que
1032 1178 1090 1223 ha
1129 1177 1187 1224 de
1226 1176 1297 1224 fer
1332 1193 1393 1223 no
1433 1193 1594 1223 manco
1627 1175 1771 1240 fruyt‚

138 1263 237 1298 tant
268 1269 324 1298 en
356 1269 481 1299 cosas
513 1253 570 1299 de
605 1253 737 1299 letras
776 1268 877 1299 corn
919 1253 976 1298 de
1010 1251 1174 1315 sperit,
1209 1268 1312 1298 corn
1337 1268 1393 1297 en
1419 1251 1625 1314 ninguna
1661 1251 1771 1298 altre

137 1327 278 1372 ciutat
305 1343 351 1372 se
391 1327 506 1390 hage
537 1325 624 1385 fet,
656 1343 737 1389 per
775 1343 893 1372 esser
932 1326 974 1372 la
1006 1338 1126 1372 terra
1164 1326 1252 1372 ben
1283 1325 1536 1389 prouehida
1565 1326 1623 1372 de
1653 1337 1771 1372 totas

137 1400 393 1459 vituuallas,
417 1417 446 1463 y
471 1400 512 1446 13
534 1400 675 1447 ciutat
693 1401 812 1463 poch
831 1400 1008 1459 viciosa,
1028 1418 1056 1463 y
1082 1400 1123 1446 la
1141 1411 1252 1464 gent
1275 1400 1416 1464 algun
1433 1412 1532 1446 tant
1551 1401 1769 1464 moguda,

137 1490 227 1537 que
259 1485 499 1537 pai-senten
522 1474 573 1538 ja
604 1474 771 1538 alguna
803 1474 978 1520 sentilla
1006 1474 1079 1521 del
1109 1473 1215 1521 foch
1248 1490 1338 1538 que
1369 1474 1413 1519 lo
1444 1474 1585 1521 Ser'ior
1617 1474 1767 1522 enuia.

137 1549 184 1595 Y
208 1551 347 1612 pergo
372 1566 432 1595 no
455 1548 571 1596 dexe
594 1549 657 1596 V.
681 1549 741 1596 R.
770 1549 823 1597 P.
845 1547 913 1595 fer
936 1549 1048 1595 obra
1067 1560 1143 1595 tan
1169 1548 1260 1612 pia,
1280 1548 1322 1594 la
1345 1548 1450 1612 qual
1470 1549 1497 1595 li
1522 1549 1768 1612 reputaren

136 1640 174 1668 a*
185 1624 333 1687 gracia
357 1640 385 1687 y
409 1623 559 1670 11161εὲ
582 1623 802 1687 spiritual,
830 1623 1086 1687 supplicant
1109 1623 1150 1670 al
1181 1623 1338 1682 Senot,
1370 1639 1458 1686 que
1490 1624 1516 1669 a
1540 1623 1598 1669 V.
1628 1623 1687 1670 R.
1715 1622 1766 1671 P.

135 1713 352 1743 conserue
377 1714 458 1761 per
483 1698 598 1744 molt
621 1708 772 1761 temps
790 1714 820 1760 y
843 1714 870 1744 a
887 1714 970 1744 son
985 1714 1161 1760 seruey,
1180 1713 1282 1743 com
1302 1696 1470 1761 desige.
1491 1697 1566 1743 De
1583 1697 1769 1744 Gerona

136 1787 162 1817 a
184 1788 247 1817 xv
270 1771 330 1819 de
360 1771 502 1832 Janer
531 1788 619 1835 any
646 1787 701 1820 M.
724 1787 766 1819 D.
796 1772 856 1836 Lj.
890 1772 938 1818 A
962 1772 1004 1819 la
1031 1771 1264 1819 ordinaci6
1294 1770 1351 1818 de
1377 1771 1434 1818 V.
1465 1771 1522 1818 R.
1552 1771 1603 1820 P.
1628 1788 1767 1836 appa-

137 1845 286 1893 rellats

287 1885 301 1905 ’
859 1912 957 1959 Los
980 1928 1162 1972 JURATs
1188 1927 1248 1958 DE
1273 1911 1488 1959 GERONA
1508 1909 1538 1958 ¹.

200 2021 453 2085 Inscriptio:
473 2023 507 2084 -1-
525 2022 586 2069 Al
604 2023 718 2069 molt
732 2023 856 2070 Rnd.
875 2040 904 2086 y
921 2021 1166 2086 magnifich
1180 2050 1235 2059 —-
1246 2050 1299 2057 —
1313 2050 1367 2057 —
1384 2020 1566 2085 Ignatio
1583 2048 1632 2055 —
1646 2047 1700 2056 —
1713 2047 1765 2054 —

136 2113 193 2143 en
216 2114 340 2144 sacra
363 2097 470 2144 theo
487 2127 539 2132 —
556 2125 608 2134 —
625 2126 679 2133 —
701 2097 765 2144 ral
790 2098 848 2144 de
871 2097 912 2143 la
936 2097 1057 2144 Com
1074 2124 1129 2134 —
1145 2125 1197 2132 —
1214 2125 1266 2132 -
1282 2097 1431 2158 Jesus,

190 2267 204 2293 ¹
260 2270 323 2307 Ad
343 2281 423 2307 rem
442 2271 648 2317 POLANCO,
669 2274 696 2308 t.
717 2278 765 2316 11,
791 2281 877 2317 pag.
900 2280 990 2317 313,
1018 2281 1054 2307 n.
1080 2277 1173 2317 295:
1202 2270 1439 2314 «Geronarn,
1461 2278 1558 2314 quae
1585 2265 1762 2304 Catalau-

138 2333 226 2370 niae
246 2334 382 2370 civitas
403 2338 472 2380 est,
493 2338 530 2370 et
549 2345 616 2380 per
634 2334 783 2370 litteras
804 2334 968 2380 aliquem
991 2333 1038 2369 de
1060 2333 1254 2370 societate
1274 2333 1549 2380 postulaverat,
1567 2329 1623 2378 [P.
1643 2331 1762 2367 Anto-

135 2396 222 2432 nius
248 2392 393 2447 Araoz]
418 2407 503 2432 eum
526 2395 596 2444 [sc.
617 2397 654 2433 P.
676 2396 925 2432 Franciscum
945 2397 992 2432 de
1019 2391 1198 2446 Estrada]
1226 2396 1367 2432 misit...
1394 2393 1625 2430 Perveniens
1646 2393 1762 2439 igitur

137 2458 348 2504 Geronam,
369 2463 410 2495 ut
425 2460 543 2506 jurati
564 2459 810 2505 magistratus
831 2459 869 2495 P.
892 2459 1042 2505 ignatio
1063 2459 1315 2505 scripserunt,
1337 2458 1395 2494 bis
1416 2457 1588 2504 quotidie
1609 2457 1760 2493 concio-

136 2521 220 2557 nari
242 2532 382 2567 magna
401 2532 487 2557 cum
514 2522 702 2558 charitate
730 2525 767 2558 et
795 2521 1062 2557 aedificatione
1088 2526 1166 2557 tam
1192 2519 1372 2567 Episcopi
1396 2530 1511 2566 quam
1531 2519 1649 2555 totius
1670 2518 1759 2555 civi-

135 2585 224 2620 tatis
255 2585 418 2631 coepit...
449 2585 523 2631 Qui
549 2583 749 2633 [Estrada]
776 2595 862 2620 cum
888 2585 1004 2620 vellet
1030 2584 1183 2621 Gerona
1209 2585 1405 2629 recedere,
1432 2581 1646 2629 Episcopus
1672 2580 1761 2618 cum'

135 2647 302 2692 quodam
324 2657 370 2682 ex
390 2646 602 2682 rectoribus
622 2646 728 2682 urbis
748 2647 797 2681 ad
817 2656 903 2682 eum
923 2646 1132 2693 venientes,
1150 2646 1298 2693 aliquot
1317 2646 1400 2681 dies
1418 2649 1461 2680 ut
1482 2644 1624 2680 ibidem
1639 2654 1758 2680 rema-

135 2713 241 2745 neret
261 2710 580 2755 impetraverunt;
601 2714 639 2745 et
658 2719 744 2745 cum
771 2719 911 2755 magno
932 2713 1119 2755 proventu
1145 2709 1357 2755 spiritualis
1378 2707 1522 2743 fructus
1547 2707 1635 2742 inde
1656 2716 1756 2742 rece-

135 2771 248 2817 dens,
269 2771 564 2808 Barcinonam...
584 2771 786 2816 perrexit.»
804 2771 1022 2807 Videantur
1039 2769 1176 2821 Epist.
1196 2767 1377 2817 Mixtae,
1398 2775 1422 2807 t.
1445 2778 1486 2815 11,
1507 2780 1595 2815 pag.
1617 2777 1688 2816 521
1712 2779 1758 2804 ac

137 2833 225 2881 565,
242 2843 318 2880 quo
338 2834 377 2869 in
398 2838 592 2879 postremo
612 2833 698 2868 loco
719 2834 1016 2879 gerundensium
1036 2838 1138 2880 vota,
1160 2834 1403 2880 gymnasium
1421 2831 1627 2868 Societatis
1647 2841 1757 2877 expe-

136 2896 310 2942 tentium,
325 2895 602 2942 significantur;
619 2896 666 2931 de
686 2907 761 2942 qua
782 2907 822 2932 re
839 2896 917 2943 agit
933 2897 1047 2933 etiam
1062 2897 1268 2942 POLANco‚
1286 2901 1309 2932 t.
1334 2903 1375 2941 ΙΙ,
1393 2905 1479 2941 pag.
1499 2894 1589 2940 667,
1610 2904 1646 2930 n.
1668 2894 1754 2941 562.
