2066 3516
0 0 183 40 &4³ersz
188 0 209 17 a

207 0 442 34 πνήιτὲξ·>ἐ.κσ“’”ιῃ’·’
527 3 530 6 ·
568 0 581 5 -·
596 0 608 11 ’.
624 0 637 8 =⁷
714 0 722 5 Ἴ
739 9 743 13 .
808 0 818 4 ““
870 0 874 4 ’
1186 0 1229 14 ἐφ’

773 273 819 312 13
849 261 1041 315 JANUARn
1074 262 1175 314 1556
1658 263 1730 314 167

226 367 300 415 En
326 367 508 431 Burgos
532 382 578 412 es
602 367 774 430 grande
799 368 837 423 el
862 385 1083 415 concurso
1101 368 1158 415 de
1183 367 1249 414 los
1271 367 1541 416 studiantes:
1566 368 1785 416 andamos

157 459 246 507 por
269 453 418 488 tornar
437 440 602 504 alguna
626 453 725 488 otra
749 459 849 489 casa
881 445 978 490 mas
1010 460 1163 507 capaz.
1198 443 1351 489 Dizen
1380 459 1469 506 que
1499 442 1538 488 el
1564 443 1785 492 hermano

157 517 230 564 del
254 516 370 563 abad
392 515 510 562 Salas
532 514 543 539 ¹
569 515 728 580 querIa
752 517 930 579 ymbiar
954 517 1040 565 alla
1069 534 1144 563 sus
1181 517 1316 581 hijos,
1349 534 1438 580 que
1471 534 1579 580 para
1603 518 1785 583 Burgos

158 609 219 639 no
244 591 363 638 seria
385 607 498 654 poca
521 591 823 652 admiracion,
848 593 995 656 segfin
1021 609 1103 639 nos
1127 609 1172 638 es
1196 609 1312 655 poco
1337 590 1558 640 afectado.

224 666 282 714 El
306 665 595 712 condestable
615 665 632 690 2
656 682 730 712 me
755 667 872 713 tiene
897 683 983 730 por
1006 678 1082 713 tan
1107 683 1237 729 suyo,
1263 682 1352 730 que
1377 683 1449 712 me
1467 667 1599 713 viene
1619 669 1644 714 a
1664 685 1785 728 veer,

158 760 184 805 y
211 742 315 790 dize
339 758 428 805 que
453 758 510 804 ya
533 741 646 787 todo
669 741 708 787 le
732 753 947 788 contenta
971 741 1088 788 dela
1112 740 1387 804 Compafiia‚
1414 758 1441 803 y
1466 758 1554 805 que
1586 742 1686 788 solo
1709 743 1785 790 de-

156 834 230 864 sea
252 833 342 881 que
365 833 446 879 aya
468 832 597 873 cor0,
623 833 730 879 para
747 827 914 863 cantar.
942 817 1099 863 Tanto
1120 833 1192 862 me
1212 817 1394 862 cantara
1413 816 1558 873 desto,
1579 833 1667 880 que
1686 818 1787 881 qui-

159 893 214 950 ςέι
240 891 277 936 le
301 890 565 938 descantare
589 890 645 937 de
672 907 725 936 su
747 890 938 954 colegio,
963 907 1052 954 que
1076 890 1115 936 al
1143 890 1206 936 fin
1230 906 1363 953 spero
1387 890 1559 937 seruira
1580 891 1620 936 la
1646 891 1783 937 Com-

158 966 297 1029 pafiia
320 982 376 1011 en
402 964 444 1012 el
469 967 494 1013 Ξι
518 976 704 1011 nuestro
729 966 886 1024 Sefior‚
919 965 954 1011 si
978 965 1018 1011 el
1044 965 1096 1012 P.
1132 965 1284 1012 Mtro.
1320 964 1520 1011 Polanco
1551 982 1612 1011 no
1646 965 1690 1012 lo
1720 983 1787 1012 es-

158 1041 290 1088 torba
309 1040 340 1089 ³.

227 1116 302 1162 Ya
328 1116 389 1163 V.
416 1115 471 1163 P.
503 1117 615 1162 avra
645 1114 805 1161 sauido
841 1115 976 1161 como
1000 1114 1038 1160 el
1068 1114 1116 1161 P.
1154 1113 1333 1178 Gaspar
1369 1113 1527 1160 volui6
1558 1116 1584 1160 a
1609 1114 1789 1178 Burgos

159 1207 245 1237 con
271 1207 383 1254 gran
409 1189 594 1254 aplauso
614 1190 671 1236 de
694 1188 736 1235 la
760 1188 942 1249 §iudad,
967 1205 1144 1253 porque
1167 1205 1214 1235 es
1247 1205 1357 1250 muy
1389 1189 1568 1236 amado.
1603 1188 1667 1235 Es
1696 1205 1789 1234 vno

159 1265 216 1312 de
241 1264 308 1311 los
331 1281 419 1329 que
444 1263 483 1310 el
509 1264 561 1310 P.
591 1263 831 1310 Francisco
866 1263 943 1310 dio
981 1264 1028 1326 al.
1057 1263 1271 1327 marques
1308 1263 1364 1310 de
1401 1263 1573 1310 Cafiete
1607 1280 1716 1327 para
1749 1263 1790 1309 el

159 1339 296 1395 Per1'13
327 1355 358 1401 y
387 1337 427 1384 al
459 1337 633 1401 tiempo
666 1337 738 1384 del
771 1336 1020 1395 embarcar,
1056 1337 1193 1384 allose
1227 1354 1317 1401 que
1351 1354 1412 1383 no
1447 1337 1571 1384 tenia
1601 1336 1791 1397 licencia

159 1430 268 1479 para
292 1411 514 1470 lleuarlos‚
539 1429 567 1476 y
594 1412 658 1459 asi
685 1429 732 1458 se
757 1413 994 1476 quedaron
1018 1430 1047 1475 y
1073 1412 1231 1460 volui6
1255 1412 1296 1459 el
1324 1412 1376 1460 P.
1403 1412 1582 1476 Gaspar
1602 1410 1629 1460 ⁴.

224 1487 282 1534 El
308 1487 378 1535 H.
406 1486 515 1533 Gou
541 1503 614 1533 me
638 1485 806 1533 scribio
835 1504 976 1550 pocos
999 1486 1099 1533 dias
1129 1486 1187 1533 ha
1216 1487 1274 1533 de
1306 1486 1530 1544 Alicante,
1560 1503 1670 1550 para
1701 1502 1791 1550 que

158 1561 198 1608 le
221 1560 373 1608 vbiese
397 1560 731 1625 prorrogacion
754 1561 811 1608 de
835 1560 876 1607 la
900 1560 1064 1621 cedula
1087 1578 1177 1625 que
1202 1561 1343 1620 mnia,
1362 1578 1391 1624 y
1409 1561 1546 1625 luego
1565 1578 1610 1607 se
1629 1560 1672 1608 la
1689 1577 1791 1624 ym-

158 1636 250 1696 bie,
275 1653 455 1701 avnque
481 1636 628 1700 podra
653 1652 724 1683 ser
753 1653 813 1682 no
838 1635 879 1683 la
902 1653 986 1700 aya
1009 1647 1253 1684 menester:
1278 1653 1307 1700 y
1332 1653 1513 1700 avnque
1537 1636 1622 1684 ella
1639 1653 1712 1683 sea
1735 1652 1789 1682 en

157 1779 183 1812 t.
204 1783 247 1821 11,
269 1785 359 1821 pag.
383 1774 428 1811 81
457 1777 493 1810 et
513 1784 621 1820 seqq.
646 1773 794 1822 Quibus
823 1774 921 1810 adde
943 1774 1145 1820 epistolam
1173 1774 1214 1812 P.
1233 1773 1394 1810 Joannis
1420 1774 1466 1810 de
1486 1773 1791 1821 Valderrabano,

158 1838 267 1878 initia
292 1837 484 1884 gymnasii
512 1836 753 1883 montisregii
783 1837 1022 1883 explicantis,
1044 1833 1143 1874 Litt.
1169 1832 1348 1884 Quadr„
1369 1839 1395 1873 t.
1415 1844 1473 1882 IV,
1494 1847 1582 1883 pag.
1603 1848 1622 1872 2
1631 1845 1649 1884 5
1656 1847 1718 1883 3·2
1726 1837 1790 1885 56.

212 1897 224 1918 ¹
290 1900 449 1938 Scilicet
470 1900 771 1946 Christophorus
792 1900 839 1936 de
858 1900 1050 1946 Miranda,
1072 1899 1190 1935 frater
1208 1899 1403 1936 Francisci
1428 1900 1476 1935 de
1501 1900 1690 1946 Miranda,
1711 1900 1793 1936 sive

157 1963 320 2011 plenius,
347 1968 390 1999 ut
411 1963 496 1999 aliis
525 1963 664 2009 placet,
691 1962 887 1999 Francisci
913 1962 1083 1998 Jimenez
1113 1963 1159 1998 de
1185 1962 1380 2009 Miranda,
1409 1963 1558 2000 abbatis
1585 1964 1632 1999 de
1664 1963 1790 2002 Salas,

157 2028 275 2064 Porro
296 2027 370 2063 hoc
384 2027 538 2063 nomine
558 2026 763 2072 indicatur,
781 2026 949 2072 dignitas
967 2026 1170 2072 quaedam,
1186 2029 1228 2061 ut
1244 2026 1361 2072 ajunt,
1376 2026 1578 2072 burgensis
1592 2026 1792 2069 ecclesiae,

157 2090 301 2137 pingue
323 2089 478 2136 quidem
499 2089 770 2136 sacerdotium,
786 2092 828 2124 ut
847 2089 978 2125 videre
995 2091 1052 2124 est
1073 2088 1175 2134 apud
1193 2087 1414 2125 GONZALEZ
1433 2088 1613 2135 DAVILA,
1637 2086 1793 2126 Teatro

158 2150 426 2199 eclesiastica,
447 2156 472 2189 t.
494 2161 551 2199 111,
573 2163 660 2199 pag.
683 2163 721 2200 9.

210 2212 227 2238 2
281 2215 414 2251 Petrus
435 2215 657 2251 Fernandez
678 2215 724 2250 de
746 2214 928 2260 Velasco,
953 2214 1031 2250 dux
1049 2214 1102 2250 III
1121 2214 1168 2250 de
1187 2214 1312 2253 Frias.

211 2275 227 2301 ³
281 2278 440 2314 Jocatur
468 2278 554 2314 heic
581 2278 708 2314 Araoz
729 2289 815 2314 cum
842 2278 879 2315 P.
903 2278 1084 2322 Polanco,
1113 2277 1176 2324 qui
1204 2277 1328 2324 patria
1353 2277 1554 2324 burgensis
1577 2282 1667 2314 erat.
1694 2277 1792 2324 Jam,

158 2340 364 2387 collegium
396 2341 443 2377 de
475 2351 550 2387 quo
583 2341 720 2387 agitur,
756 2340 838 2377 Sto.
870 2340 1032 2377 Nicolao
1060 2340 1241 2387 dicatum,
1273 2341 1417 2377 exstrui
1443 2342 1611 2387 Jusserat
1638 2341 1794 2387 Ignigus

158 2403 286 2450 Lopez
308 2404 355 2439 de
376 2404 584 2451 Mendoza‚
615 2404 820 2450 burgensis
841 2405 1046 2450 episcopus
1072 2404 1250 2450 idemque
1270 2404 1496 2450 cardinalis,
1525 2415 1639 2451 quam
1666 2404 1794 2440 aedifi-

160 2465 272 2502 candi
293 2476 425 2501 curam
446 2466 615 2502 moriens
639 2466 885 2502 commiserat
909 2465 1101 2502 Castellae
1128 2466 1386 2512 comestabili‚
1415 2466 1525 2502 Petro
1548 2467 1594 2502 de
1614 2467 1793 2512 Velasco,

159 2529 379 2566 testamenti
400 2529 458 2564 sui
481 2529 708 2566 exsecutori.
727 2529 828 2565 Hinc
850 2529 1056 2575 collegium
1078 2529 1340 2565 comestabilis
1360 2529 1436 2564 dici
1462 2529 1557 2565 illud
1577 2529 1791 2566 consuevit.

162 2591 383 2628 GONZALEZ
403 2591 583 2637 DAVILA,
606 2588 633 2629 l.
654 2603 700 2637 c.,
729 2602 814 2638 pag.
839 2592 901 2628 86.
927 2591 1138 2627 Historiam
1163 2602 1255 2628 vero
1284 2591 1442 2638 hujusce
1472 2591 1638 2637 collegii,
1659 2594 1795 2637 postea

162 2652 346 2690 societati
375 2653 466 2689 Jesu
494 2653 682 2699 attributi,
713 2653 874 2689 afferunt
907 2664 953 2689 ex
972 2653 1199 2701 VALDIVIA,
1231 2650 1427 2703 Colegios
1451 2650 1503 2690 de
1533 2649 1722 2700 Castilla,
1754 2653 1794 2689 in

163 2717 327 2762 append.
350 2713 510 2755 Cartas
528 2712 580 2753 de
603 2715 696 2755 San
718 2713 908 2766 Ignacz‘o,
930 2720 955 2753 t.
975 2725 1018 2759 V,
1039 2727 1124 2763 pag.
1150 2716 1335 2764 541-546.

216 2774 231 2800 ⁴
285 2778 347 2814 Ad
366 2788 445 2814 rem
466 2778 677 2824 POLANCO,
699 2782 725 2814 t.
747 2786 806 2823 VI,
834 2789 921 2824 pag.
945 2779 1034 2824 628,
1056 2789 1094 2816 n.
1116 2788 1229 2825 2707:
1253 2778 1374 2815 «Cum
1399 2778 1438 2815 P.
1461 2778 1609 2824 Gaspar
1629 2778 1675 2813 de
1695 2777 1794 2814 Aze-

160 2840 262 2876 vedo
285 2838 398 2875 simul
419 2850 506 2875 cum
527 2839 644 2875 sociis
665 2839 702 2875 in
724 2839 872 2876 Indiam
893 2840 990 2876 Peru
1018 2850 1103 2876 cum
1125 2840 1344 2876 marchione
1367 2840 1428 2876 del
1455 2839 1598 2876 Canete
1621 2838 1795 2889 [Andrea

163 2902 343 2938 Hurtado
365 2902 412 2937 de
433 2900 640 2951 Mendoza]
661 2902 1007 2948 proficiscerentur,
1029 2913 1113 2938 cum
1130 2903 1210 2949 Jam
1231 2902 1270 2938 in
1291 2912 1409 2938 naves
1434 2907 1560 2938 essent
1586 2903 1793 2948 ascensuri,

163 2965 360 3002 inventum
381 2968 437 3001 est
457 2966 559 3012 quod
582 2965 760 3001 Marchio
781 2965 1001 3002 facultatem
1024 2966 1071 3001 ad
1093 2976 1159 3001 eos
1183 2976 1312 3002 secum
1338 2964 1576 3002 ducendos‘a
1595 2966 1697 3012 Rege
1717 2976 1792 3001 non

165 3027 441 3075 postulaverat,
464 3031 501 3063 et
517 3027 582 3072 ita,
603 3026 686 3063 Deo
706 3027 854 3073 aliquid
875 3028 1011 3064 melius
1030 3027 1270 3075 providente,
1291 3031 1333 3064 ut
1359 3028 1542 3064 credibile
1569 3032 1637 3074 est,
1663 3028 1703 3063 in
1728 3027 1792 3062 Hi-

165 3089 301 3136 spania
320 3092 412 3125 tunc
430 3087 695 3135 substiterunt,
717 3093 754 3125 et
773 3093 866 3126 tunc
885 3090 925 3127 P.
946 3090 1074 3126 Araoz
1093 3090 1241 3136 Burgos
1261 3090 1407 3126 remisit
1426 3090 1466 3127 P.
1481 3090 1704 3136 Gasparem,
1725 3089 1791 3136 qui

170 3161 255 3188 cum
277 3161 416 3204 magno
438 3151 626 3198 applausu
645 3151 727 3201 ejus
746 3151 925 3199 civitatis,
945 3151 1012 3189 ubi
1031 3155 1212 3201 acceptus
1231 3155 1325 3199 erat,
1345 3155 1528 3199 exceptus
1548 3155 1641 3189 est.»
