2066 3516
741 267 789 307 25
820 256 1068 294 Decemnms
1102 267 1200 306 1555
1662 268 1736 307 143

902 437 925 470 1
932 436 1043 471 ⁰20

722 523 956 559 ERARDUS
986 523 1221 560 DAWANT

462 614 674 660 PATRI
715 613 1015 662 IGNATIO
1053 614 1148 662 DE
1184 614 1472 661 LOYOLA

624 719 779 745 vaNA
809 719 858 759 25
888 719 1123 746 DECEMBRIS
1156 719 1255 758 1555
1285 705 1316 745 ¹.

152 805 203 843 Se
222 805 407 852 imparem
428 805 585 841 novitiis
606 806 859 843 informandis
881 805 1181 854 agnoscit.—Ut
1208 806 1256 841 ab
1286 815 1331 841 eo
1353 816 1508 842 munere
1528 812 1789 855 removeatur,

523 867 845 915 efflagitat.—'Ad
865 869 1056 915 Ignatium
1077 868 1195 904 vellet
1216 868 1413 906 accedere.

967 963 990 997 †

920 1000 1022 1059 Jhs.

216 1099 449 1146 Dominus
472 1100 608 1160 Jesus
640 1100 874 1157 ChristuS,
901 1111 1103 1145 recenter
1134 1111 1291 1156 natus,
1326 1099 1492 1145 nostris
1517 1111 1795 1162 agnoscatur

152 1174 401 1221 mentibus,
426 1176 595 1220 Amen.
623 1173 787 1236 Scripsi
813 1190 960 1237 nuper
975 1174 1032 1220 ad
1050 1173 1101 1220 P.
1122 1174 1200 1232 V.‚
1230 1174 1366 1220 Pater
1384 1174 1428 1220 in
1449 1174 1635 1220 Christo
1653 1174 1789 1229 Rde„

150 1249 208 1295 de
233 1248 306 1305 iis,
331 1265 447 1312 quae
472 1248 582 1294 mihi
608 1248 680 1294 hic
704 1247 948 1295 desiderari
972 1248 1265 1296 videbantur.
1298 1249 1440 1294 Nunc
1465 1248 1655 1311 speciale
1680 1248 1790 1294 nihil

150 1323 360 1381 occurrit,
387 1322 469 1368 nisi
495 1322 623 1386 quod
647 1333 858 1385 putarem
885 1322 990 1369 huic
1009 1322 1201 1386 collegio
1221 1323 1595 1386 prospiciendum
1616 1339 1709 1368 esse
1733 1323 1795 1369 de

150 1396 301 1460 aliquo
342 1396 560 1460 magistro
601 1397 910 1454 nouitiorum,
950 1397 1029 1461 qui
1061 1397 1171 1443 nihil
1205 1409 1380 1460 ageret,
1411 1397 1493 1443 nisi
1535 1408 1588 1443 ut
1628 1395 1794 1443 fratres

149 1488 309 1518 omnes
341 1471 387 1517 in
420 1471 584 1534 spiritu
614 1470 900 1534 proficerent.
929 1471 983 1518 Id
1015 1471 1166 1534 ipsum
1193 1483 1344 1518 autem
1377 1472 1582 1536 quandiu
1608 1471 1680 1517 hic
1705 1470 1794 1530 fui,

149 1563 329 1609 semper
353 1546 532 1609 optaui,
557 1547 635 1592 sed
660 1544 782 1592 forte
807 1546 986 1610 indigni
1017 1545 1209 1594 fuimus.
1244 1547 1362 1593 Sunt
1390 1547 1577 1610 quidem
1603 1547 1676 1593 hic
1703 1547 1788 1593 Pa-

150 1632 240 1667 tres
270 1620 428 1684 aliqui,
460 1622 539 1667 sed
579 1620 773 1684 quisque
812 1637 920 1667 cura
960 1621 1040 1671 alia
1076 1622 1182 1668 satis
1217 1622 1444 1685 occupati.
1475 1622 1600 1668 Nam
1636 1622 1697 1669 R.
1734 1621 1790 1668 P.

152 1694 347 1757 Lainoy,
377 1694 505 1741 cuius
537 1695 738 1741 humeris
768 1705 920 1741 totum
951 1696 1120 1742 domus
1152 1697 1388 1760 impendet
1417 1714 1555 1756 onus,
1588 1697 1634 1743 id
1662 1696 1794 1743 facile

152 1780 377 1831 praestare
407 1785 502 1815 non
525 1779 693 1832 posset.
719 1769 871 1818 Dnus.
898 1770 1124 1817 Godanus
1153 1782 1198 1817 et
1222 1771 1315 1830 alii,
1343 1771 1459 1817 circa
1483 1788 1586 1818 suas
1609 1772 1787 1818 concio-

153 1859 230 1888 nes
254 1854 299 1889 et
323 1842 538 1889 lectiones
561 1843 668 1889 satis
692 1844 924 1907 occupati,
949 1844 1156 1891 similiter
1180 1845 1267 1891 hoc
1293 1845 1444 1892 officio
1469 1845 1791 1908 prohibentur.

154 1916 218 1963 Et
240 1928 305 1974 vt,
325 1918 451 1981 quod
476 1917 636 1974 sentio,
657 1917 795 1963 libere
818 1934 975 1964 coram
994 1918 1099 1965 Deo
1117 1929 1163 1965 et
1182 1919 1240 1965 V.
1265 1919 1316 1966 P.
1343 1918 1520 1983 loquar,
1542 1936 1634 1965 non
1653 1919 1791 1965 video

153 1990 224 2038 hic
257 1990 478 2055 aliquem,
510 1991 587 2055 qui
626 1990 740 2038 illud
777 1992 954 2038 donum
992 1993 1276 2039 discretionis
1315 1993 1583 2056 spirituum,
1614 1993 1671 2039 ad
1702 1993 1793 2038 hoc

155 2068 351 2114 maxime
384 2067 709 2123 necessarium,
740 2067 798 2113 sit
827 2067 890 2113 ita
920 2079 1208 2124 consecutus,
1243 2079 1296 2114 vt
1326 2079 1552 2132 optarem.
1586 2068 1793 2114 Proinde

153 2141 337 2188 videtur
368 2140 478 2186 mihi
519 2140 621 2186 talis
661 2141 958 2200 necessarius,
997 2142 1070 2187 cui
1107 2140 1271 2188 fratres
1307 2159 1414 2188 cum
1455 2142 1710 2188 reuerentia
1746 2153 1795 2188 et

153 2231 309 2261 amore
331 2214 587 2273 obedirent,
613 2214 766 2279 sicque
791 2214 1067 2261 alacritatem
1094 2215 1373 2278 spiritualem
1400 2214 1628 2274 fouerent,
1657 2232 1788 2261 mor-

154 2288 474 2335 tificationibus
498 2289 838 2345 incumberent,
870 2305 919 2335 ac
949 2289 1203 2351 spirituales
1237 2301 1390 2335 motus
1423 2289 1583 2335 melius
1612 2306 1792 2335 exerce-

155 2375 273 2410 rent.
301 2364 480 2409 Verum
506 2375 573 2409 est
598 2363 713 2409 hanc
737 2379 892 2409 curam
921 2363 1032 2409 mihi
1063 2363 1383 2426 indignissimo
1412 2381 1469 2409 ex
1499 2374 1627 2426 parte
1652 2363 1795 2408 tradi-

156 2449 249 2484 tam
275 2455 300 2482 a
325 2438 450 2485 Rd0.
476 2437 530 2485 P.
556 2437 735 2494 Natali3
759 2438 838 2484 sed
864 2435 1011 2484 fateor
1031 2454 1104 2483 me
1124 2438 1229 2484 huic
1248 2437 1399 2484 officio
1418 2436 1673 2483 satisfacere
1698 2453 1791 2482 non

156 2528 303 2575 posse;
328 2512 495 2574 primo,
520 2529 578 2558 ex
602 2523 730 2575 parte
756 2528 871 2568 mea,
897 2513 1023 2576 quod
1048 2529 1212 2576 parum
1227 2506 1322 2559 ‘sim
1346 2513 1496 2560 adhuc
1520 2512 1797 2558 exercitatus

159 2586 203 2631 in
235 2597 329 2631 tam
360 2586 511 2632 arduis
545 2586 764 2650 negociis3
797 2586 985 2645 deinde,
1016 2603 1073 2633 ex
1110 2598 1238 2650 parte
1273 2586 1491 2644 fratrum,
1529 2586 1656 2650 quod
1698 2603 1791 2632 non

159 2659 373 2705 auderem
399 2659 536 2705 libere
559 2676 636 2705 eos
661 2660 841 2707 ducere.
875 2659 1120 2706 Potissima
1152 2673 1305 2707 tamen
1338 2662 1453 2707 ratio
1482 2674 1569 2717 est,
1595 2677 1711 2724 quae
1735 2660 1793 2705 ab

159 2732 247 2779 hoc
270 2749 460 2779 munere
485 2750 557 2780 me
580 2734 785 2790 retrahit,
811 2734 939 2797 quod
957 2734 1128 2781 nullam
1149 2734 1342 2781 habeam
1363 2735 1434 2782 hic
1459 2735 1715 2782 libertatem
1741 2752 1797 2781 ea

160 2805 374 2865 faciendi,
405 2825 523 2871 quae
554 2808 664 2854 mihi
702 2808 844 2855 dictat
871 2808 1146 2855 conscientia
1177 2808 1295 2855 circa
1331 2809 1494 2856 fratres
1531 2809 1796 2866 necessaria,

161 2896 241 2927 nec
265 2898 392 2943 spem
418 2881 562 2927 habeo
588 2899 660 2928 me
684 2882 968 2939 habiturum,
988 2883 1194 2946 quandiu
1218 2900 1322 2929 curn
1354 2883 1488 2930 Patre
1503 2883 1665 2946 Lanoy
1691 2899 1793 2946 ago.

217 3051 230 3076 ¹
286 3053 344 3090 Ex
372 3056 613 3101 autographo
640 3055 680 3091 in
706 3056 783 3093 vol.
816 3052 915 3093 Litt.
947 3052 1173 3103 Quadrim.
1203 3066 1334 3108 1555,
1356 3058 1471 3094 unico
1499 3058 1605 3104 folio,
1634 3068 1669 3092 n.
1703 3057 1794 3100 168,

162 3117 269 3164 prius
291 3117 378 3164 126,
400 3118 612 3165 antiquitus
634 3119 725 3166 189.
