2040 3528
315 285 330 310 1
339 284 360 311 2
924 280 978 307 AD
1008 279 1226 308 LECTOREM

258 378 399 426 randa
415 377 678 425 auditorum
696 375 968 440 frequentia,
986 375 1318 435 Christoduce,
1335 375 1515 422 Biliomi
1533 376 1688 440 peregi
1709 375 1893 441 [Clays-

258 453 456 516 sonius].
502 452 583 498 Ad
623 452 879 498 dominicae
918 451 1139 515 passionis
1180 453 1534 510 enarrationem,
1575 452 1801 517 quinque,
1845 464 1895 500 vt

258 526 528 582 minimum,
563 524 807 570 hominurn
843 523 982 570 millia
1013 523 1286 570 confluxisse
1318 522 1579 572 feruntur...
1614 524 1729 570 Non
1762 525 1916 588 pauci⁷

258 601 495 664 Vtriusque
529 615 662 645 sexus
695 598 867 645 nobiles
898 616 950 645 ea
980 608 1114 645 nocte
1145 598 1189 644 in
1224 598 1305 645 hac
1339 598 1452 645 vrbe
1486 599 1716 646 concionis
1750 600 1895 664 gratia

258 685 603 740 pernoctarunt.
638 674 775 721 Certe
806 673 1065 737 lachrymae
1096 684 1232 737 atque
1264 673 1456 737 suspiria
1489 674 1721 721 internum
1755 674 1893 722 animi

259 751 475 798 affectum
503 749 760 814 prodebant
783 749 978 813 palam...
1008 748 1253 796 Montanis
1278 748 1448 807 incoliS,
1475 749 1754 809 ambertinis,
1780 750 1893 796 arla-

256 825 485 882 censibUS,
511 825 784 871 blelensibus
807 825 1081 889 caeterisque
1108 835 1212 888 post
1236 822 1369 870 ferias
1395 825 1454 871 D.
1481 825 1706 886 Johannis
1726 816 1893 890 'Bapti-

257 913 371 958 stae,
398 900 611 964 precibus
635 916 796 946 eorum
823 900 998 947 victum
1024 917 1117 956 me,
1144 911 1279 964 atque
1304 899 1500 963 episcopi
1527 900 1772 964 imperium
1798 918 1893 948 cer-

259 993 382 1034 nens,
403 976 541 1023 fidem
567 977 836 1040 promissam
862 975 1117 1039 praestabo,
1143 975 1279 1022 Certe
1304 992 1446 1039 cogor
1471 993 1701 1023 assensum
1725 994 1893 1042 negare

259 1051 514 1098 multorum
541 1050 772 1115 precibus,
798 1061 849 1097 vt
873 1051 1026 1114 paucis
1052 1049 1212 1096 faciam
1244 1050 1393 1097 satis».
1423 1050 1558 1097 Haec
1583 1051 1892 1113 Clayssonius,

258 1142 314 1173 21
344 1125 829 1190 Apr.—Incunabula
858 1138 1010 1172 autem
1034 1125 1230 1189 collegii,
1256 1125 1516 1172 scholarum
1541 1126 1772 1185 ordinem,
1797 1143 1892 1173 ma-

257 1201 507 1264 gistrorum
544 1217 812 1257 numerum,
845 1217 1095 1264 puerorum
1129 1201 1327 1264 denique
1365 1199 1669 1265 frequentiam
1705 1202 1893 1249 tradunt

257 1275 473 1338 epistolae
504 1291 573 1332 12,
605 1290 659 1335 13
687 1276 831 1338 Aug,
864 1291 913 1321 11
945 1275 1068 1322 Nov.
1910 1332 1913 1334 ι

322 1349 375 1395 In
406 1349 658 1413 Hispaniae
683 1350 931 1413 provinciis
956 1350 1163 1396 navicula
1189 1350 1421 1397 Societatis
1446 1362 1569 1397 aestu
1595 1350 1800 1415 flatuque
1826 1368 1891 1397 se-

256 1424 535 1471 cundissimo
561 1424 920 1487 provehebatur,
949 1442 1039 1471 non
1066 1426 1127 1471 ita
1152 1437 1302 1472 tamen
1329 1437 1379 1472 ut
1410 1426 1676 1490 aliquando,
1703 1426 1892 1491 quibus-

257 1499 363 1546 dam
397 1499 441 1545 in
476 1499 604 1555 locis,
631 1499 830 1546 adversis
865 1516 956 1545 non
991 1500 1304 1546 obluctaretur
1338 1500 1568 1549 fluctibuS.
1603 1501 1666 1548 Et
1691 1502 1734 1547 in
1769 1502 1893 1548 curia

258 1575 467 1638 quidem,
493 1575 571 1620 ubi
603 1575 848 1637 optimates
879 1574 1024 1621 ferme
1054 1593 1236 1635 omnes,
1262 1593 1310 1623 ac
1343 1593 1449 1640 prae
1479 1578 1652 1624 cunctis
1683 1577 1893 1641 princeps

256 1651 459 1710 Joanna,
495 1650 766 1696 Societatem
802 1649 1017 1696 amabant
1049 1651 1465 1715 suspiciebantque,
1505 1652 1637 1715 Mag.
1673 1651 1802 1698 Cano
1835 1651 1892 1698 ab

258 1726 449 1788 antiquo
474 1725 744 1772 detrahendi
772 1726 1048 1772 nostratibus
1080 1743 1207 1772 more
1236 1743 1326 1772 non
1359 1727 1637 1784 discedebat,
1663 1726 1893 1791 libereque

258 1802 509 1848 admodum
544 1802 600 1847 de
633 1818 824 1847 romano
857 1802 1070 1864 pontifice
1101 1801 1452 1866 obloquebatur.
1483 1803 1711 1862 «Paresce
1737 1820 1825 1867 que
1852 1802 1891 1848 el

258 1876 482 1922 bendito»
518 1876 667 1940 inquit
702 1877 883 1933 Araoz,
922 1892 985 1935 24
1023 1876 1180 1934 Febr.,
1220 1892 1243 1923 ((
1257 1876 1501 1923 arbitratur
1536 1894 1581 1924 se
1617 1878 1889 1940 obsequium

257 1963 458 2014 prestare
490 1951 614 2009 Deo,
639 1968 694 1996 en
722 1962 871 1997 tomar
901 1954 926 1998 a
954 1952 1122 2014 pechos
1154 1951 1191 1998 el
1224 1953 1511 1999 contradezir
1542 1970 1570 2015 y
1596 1970 1835 2017 expugnar
1866 1956 1891 2000 a

255 2026 298 2072 la
323 2026 647 2089 Compafiia...‚
672 2027 889 2074 diziendo
914 2044 1003 2091 que
1027 2027 1066 2073 el
1092 2044 1208 2091 papa
1233 2028 1380 2090 puede
1405 2045 1529 2074 errar
1552 2045 1606 2074 en
1634 2028 1673 2074 la
1697 2028 1892 2091 aproba-

257 2103 359 2164 cion
393 2103 449 2148 de
482 2103 543 2148 las
574 2102 833 2166 religiones,
868 2120 894 2165 y
926 2120 1015 2166 que
1046 2120 1099 2165 ay
1133 2103 1319 2149 muchas
1352 2103 1593 2166 religiones
1624 2103 1891 2167 aprobadas‚

257 2195 347 2242 que
379 2195 460 2223 son
493 2178 693 2240 pernicie
723 2178 779 2223 de
813 2178 850 2223 la
882 2178 1078 2241 iglesia...
1116 2178 1196 2223 No
1227 2178 1347 2224 tiene
1381 2178 1420 2224 el
1454 2189 1579 2224 tanta
1610 2179 1891 2236 auctoridad,

258 2270 440 2318 aunque
472 2254 511 2299 la
539 2265 674 2317 tenga
700 2253 885 2311 mucha,
911 2271 1000 2317 que
1027 2254 1069 2300 lo
1100 2271 1189 2317 que
1222 2265 1337 2300 trata
1367 2255 1423 2300 de
1455 2254 1494 2299 la
1526 2253 1789 2317 Compafiia
1821 2271 1893 2300 me

257 2328 315 2375 de
347 2328 532 2374 sombra
559 2329 616 2374 de
647 2345 783 2391 pena3
810 2328 910 2374 solo
942 2329 981 2374 la
1013 2340 1152 2391 tengo
1185 2345 1268 2391 por
1301 2329 1344 2374 lo
1374 2345 1463 2392 que
1493 2328 1629 2375 dizen
1657 2346 1746 2393 que
1776 2339 1892 2374 trata

258 2419 345 2449 con
378 2402 571 2448 libertad
602 2403 658 2448 de
690 2402 730 2447 la
760 2403 1026 2449 auctoridad
1059 2403 1129 2448 del
1165 2402 1395 2465 pontifice.
1432 2402 1488 2449 El
1513 2401 1745 2449 confessor
1769 2403 1825 2449 de
1851 2402 1892 2448 la

258 2478 485 2541 princessa
505 2477 561 2522 ha
585 2476 828 2522 advertido
854 2476 893 2522 al
919 2476 1092 2522 nunzio
1112 2493 1219 2539 para
1243 2493 1331 2540 que
1355 2494 1494 2540 saque
1519 2488 1616 2522 esto
1640 2494 1694 2522 en
1717 2476 1890 2540 limpio,

259 2552 581 2615 specialmente
613 2551 747 2612 cierta
782 2552 947 2614 platica
977 2568 1066 2615 que
1096 2551 1205 2598 hizo
1236 2568 1291 2597 en
1319 2551 1359 2597 el
1390 2551 1567 2598 cabildo
1593 2551 1650 2598 de
1680 2551 1889 2615 Segouia,

258 2627 315 2673 de
341 2627 379 2672 la
404 2626 509 2690 qual
534 2627 769 2690 quedaron
795 2643 907 2689 muy
933 2626 1236 2683 alborotados,
1261 2643 1291 2689 y
1315 2643 1360 2672 es
1383 2642 1484 2671 cosa
1509 2625 1707 2689 publica,
1733 2643 1758 2688 y
1784 2626 1891 2672 scri-

261 2700 421 2747 bieron
449 2701 491 2746 lo
516 2718 604 2764 que
629 2701 785 2749 dixo.»
815 2701 963 2747 Dictis
992 2702 1138 2747 Patris
1163 2701 1324 2747 Araoz
1349 2700 1628 2764 suffragatur
1652 2700 1892 2760 Tablares,

266 2791 322 2821 10
349 2775 664 2837 Febr.-—Qui
696 2776 883 2839 quidem
909 2793 1045 2839 agens
1076 2793 1252 2834 rursus,
1279 2791 1340 2837 29
1369 2776 1510 2839 Apr.,
1536 2777 1592 2822 de
1626 2776 1892 2823 lectionibus

258 2849 529 2895 Melchioris
563 2850 693 2896 Cano
724 2851 769 2896 in
799 2851 930 2913 epist.
962 2851 1042 2899 Sti.
1076 2851 1204 2897 Pauli
1235 2851 1296 2896 ad
1322 2852 1586 2897 Timotheum
1618 2868 1642 2897 e
1672 2862 1892 2915 suggestu

258 2923 445 2982 habitis,
471 2923 668 2987 plurima
697 2924 872 2988 colligit
903 2924 1024 2971 bona
1054 2925 1158 2971 inde
1190 2925 1235 2970 in
1268 2925 1537 2971 Societatem
1570 2925 1888 2982 redundantia,

260 2998 429 3062 quibus
453 2999 742 3056 enumeratis,
762 2999 1011 3046 concludit:
1042 2998 1251 3063 «Digolo,
1269 3015 1379 3062 para
1397 3015 1486 3063 que
1507 3000 1564 3045 V.
1588 2999 1640 3048 P.
1661 2999 1706 3045 lo
1725 2999 1891 3047 mande

261 3074 567 3120 encomendar
601 3074 769 3119 mucho
801 3075 826 3119 a
859 3074 995 3130 Dios,
1027 3090 1208 3137 aunque
1239 3090 1299 3119 no
1331 3090 1465 3119 como
1497 3076 1523 3121 a
1555 3074 1748 3131 deuoto‚
1780 3090 1891 3137 pero

260 3164 395 3196 como
420 3149 446 3195 a
470 3147 715 3197 bienechor
739 3158 937 3198 nuestro.
969 3147 1023 3197 El
1048 3147 1190 3196 Sefior
1218 3165 1264 3195 se
1290 3147 1333 3194 lo
1357 3165 1507 3214 pague
1536 3166 1622 3195 con
1649 3148 1892 3213 particular
