2014 3528
788 242 834 288 31
868 240 956 285 mn
990 229 1090 288 Ι556
1626 241 1702 288 337

872 427 899 461 1
910 428 935 461 1
945 427 975 461 4
984 428 1009 461 ί

669 522 1001 561 OCTAVIANUS
1032 522 1213 560 CESARI

441 619 651 665 PATRI
691 617 989 666 IGNATIO
1026 619 1122 686 DE
1156 619 1445 666 LOYOLA

660 724 836 751 NEAPOLl
864 725 910 764 31
945 724 1034 758 MAJI
1067 713 1167 763 1556
1196 711 1224 750 ¹.

332 811 526 848 Infirmam
556 813 817 848 valetudinem
848 816 1048 857 causatus,
1080 823 1102 848 a
1131 812 1326 848 societate
1356 812 1548 849 desciscit.

193 1012 351 1060 Molto
391 1014 516 1062 Rdo.
552 1015 598 1061 in
633 1013 717 1063 X.⁰
753 1014 915 1062 Padre.
951 1013 1301 1061 Considerando
1326 1013 1475 1078 quella
1507 1013 1661 1077 parola
1692 1013 1763 1060 del

127 1098 387 1134 sacrosanto
427 1088 688 1152 euangelio,
725 1089 808 1135 che
850 1090 908 1136 da
950 1106 1145 1135 nessuno
1186 1088 1336 1136 arbor’
1372 1090 1534 1136 cascar’
1572 1091 1666 1152 puo
1707 1089 1764 1139 ne

129 1179 306 1209 ueruna
330 1161 496 1210 fronda
519 1180 657 1209 senza
680 1163 873 1210 uolunta
896 1180 925 1209 o
951 1164 1246 1226 permissione
1278 1164 1395 1210 della
1425 1164 1581 1211 diuina
1605 1160 1764 1227 pro'ui-

129 1238 300 1294 denza,
338 1237 398 1284 ho
434 1250 622 1301 pensato
658 1250 703 1284 et
739 1250 899 1285 tenuto
934 1255 1015 1301 per
1052 1250 1178 1285 certo
1214 1250 1372 1302 questa
1412 1239 1500 1284 mia
1535 1236 1767 1284 infermita

130 1313 272 1359 uenir'
293 1313 432 1359 anche
456 1313 573 1360 dalle
591 1331 670 1359 sue
695 1325 820 1360 sante
846 1314 984 1372 mani,
1009 1313 1208 1377 perilche
1239 1331 1309 1359 me
1336 1330 1391 1359 ne
1410 1330 1491 1359 son
1518 1312 1764 1360 consolato.

133 1386 195 1433 Et
220 1386 453 1444 uedendo',
479 1398 606 1451 parte
632 1405 710 1451 per
736 1388 1030 1452 experienza‚
1058 1399 1186 1451 parte
1212 1404 1292 1451 per
1318 1388 1468 1444 udito,
1494 1387 1575 1433 che
1601 1386 1628 1432 il
1654 1403 1766 1450 gran

131 1461 339 1525 capitano
370 1462 484 1523 Jesu
518 1461 601 1509 X.⁰
627 1480 717 1514 non
743 1463 775 1509 si
805 1480 934 1510 serue
959 1463 1003 1509 d'
1022 1462 1145 1519 altri,
1176 1463 1258 1508 che
1283 1463 1327 1508 di
1357 1462 1552 1508 ualorosi
1584 1473 1629 1508 et
1658 1460 1766 1508 forti

133 1536 360 1593 caualieri‚
394 1553 475 1600 per
502 1535 529 1582 l'
549 1537 759 1584 instituto
782 1549 827 1584 et
849 1537 1070 1584 exercicio
1095 1537 1139 1583 di
1167 1548 1326 1601 questa
1350 1554 1429 1583 sua
1461 1536 1768 1600 Compagnia,

138 1610 196 1656 mi
222 1610 284 1656 ho
307 1611 606 1675 cognosciuto
631 1612 740 1658 assai
766 1612 964 1658 inhabile
987 1623 1032 1658 et
1051 1611 1210 1658 inutile
1232 1628 1317 1658 con
1338 1622 1497 1675 questa
1519 1611 1610 1657 mia
1634 1609 1768 1656 infer-

139 1685 250 1731 mita
283 1702 363 1748 per
395 1686 538 1732 cotale
568 1687 799 1733 exercicio.
834 1687 870 1733 Il
901 1687 983 1733 che
1018 1687 1124 1749 (per
1155 1703 1246 1732 non
1277 1702 1394 1732 esser
1427 1686 1677 1749 ingannato
1712 1685 1771 1731 da

140 1759 330 1823 qualche
355 1760 583 1823 passione)
618 1777 708 1807 non
745 1761 805 1808 ho
836 1760 998 1807 uoluto
1027 1759 1198 1807 creder'
1230 1759 1267 1805 al
1301 1760 1393 1806 mio
1424 1759 1625 1822 giudicio
1656 1758 1769 1817 solo,

141 1850 216 1879 ma
242 1850 267 1879 a
288 1834 422 1898 quelli
447 1834 503 1881 de
529 1835 690 1881 medici
715 1845 761 1881 et
783 1835 1002 1899 spirituali
1028 1846 1073 1881 et
1097 1835 1333 1898 corporali,
1359 1834 1430 1880 alli
1456 1834 1575 1898 quali
1604 1835 1771 1880 hauen-

140 1908 266 1970 domi
292 1908 336 1954 io
362 1919 483 1955 tutto
507 1926 720 1969 remesso,
747 1909 808 1955 m’
828 1911 915 1956 han
942 1910 1069 1956 detto
1094 1910 1176 1956 che
1201 1909 1349 1974 potria
1376 1909 1461 1955 ben
1489 1908 1602 1955 nella
1630 1909 1771 1955 Com-

140 1982 305 2045 pagnia
329 1983 590 2047 racquistar'
615 1983 658 2029 la
680 1984 823 2030 sanita
848 1984 1100 2047 spirituale,
1134 1984 1300 2047 perche
1327 1983 1364 2030 le
1390 1982 1510 2030 forse
1541 1983 1773 2046 spirituale

140 2073 221 2120 par
243 2057 325 2103 che
350 2058 566 2121 alquanto
590 2060 961 2122 correspondano
986 2076 1011 2105 a
1033 2070 1218 2106 cotanto
1244 2059 1417 2123 grande
1439 2059 1672 2115 exercicio;
1699 2074 1774 2104 ma

139 2132 221 2177 che
247 2131 286 2176 la
310 2132 558 2195 corporale,
584 2150 690 2190 non;
717 2134 881 2196 poiche
908 2134 948 2179 la
973 2146 1134 2179 natura
1152 2150 1176 2179 e
1193 2133 1467 2196 conplexion
1495 2133 1583 2179 mia
1608 2149 1773 2196 corpo-

139 2205 229 2251 rale
248 2206 308 2252 mi
330 2205 379 2252 fu
404 2207 509 2253 data
528 2208 599 2254 dal
626 2208 790 2272 Signor
811 2220 938 2254 tanto
964 2206 1156 2270 infelrma
1176 2220 1221 2254 et
1239 2208 1395 2265 fiacha3
1421 2219 1466 2254 et
1486 2208 1561 2271 poi
1582 2209 1773 2254 addesso

142 2281 184 2326 in
211 2292 371 2344 questa
394 2280 625 2329 infermita
650 2294 779 2330 tanto
805 2283 884 2347 piu
911 2294 1070 2347 guasta
1095 2295 1140 2328 et
1163 2282 1421 2341 debilitata,
1445 2283 1550 2341 che,
1575 2283 1774 2329 secondo

143 2355 308 2402 dicono
346 2367 391 2402 et
428 2373 509 2420 per
544 2358 815 2421 experienza
846 2358 879 2404 si
916 2359 1042 2415 uede,
1083 2357 1143 2422 gl'
1165 2357 1189 2403 ἐ
1222 2357 1488 2403 totalmente
1519 2357 1672 2420 inepta
1702 2357 1774 2403 alli

145 2430 342 2494 exercitij
370 2431 487 2477 della
509 2431 820 2496 Compagnia,
847 2433 857 2479 i
882 2432 1002 2497 quali
1030 2449 1120 2478 non
1147 2448 1385 2478 recercano
1409 2449 1454 2478 se
1480 2449 1570 2478 non
1598 2429 1706 2478 forti
1732 2443 1776 2477 et

146 2505 326 2551 neruosi
350 2506 492 2569 corpi‚
518 2517 563 2552 et
587 2523 700 2563 non,
725 2523 855 2553 come
881 2507 907 2553 il
936 2507 1043 2564 mio,
1070 2506 1098 2552 il
1123 2506 1254 2570 quale
1280 2524 1327 2553 sa
1354 2507 1412 2555 V.
1441 2506 1488 2552 P.
1517 2517 1690 2570 quanto
1715 2506 1777 2552 sia

148 2571 315 2626 misero
347 2591 392 2626 et
430 2591 710 2644 sottoposto,
744 2599 834 2628 non
867 2582 948 2627 alle
981 2581 1152 2645 grande
1189 2581 1285 2627 solo
1322 2578 1574 2638 infermita,
1609 2580 1775 2644 perche

147 2654 293 2717 quelle
327 2672 408 2701 son
447 2656 648 2713 comuni,
675 2673 749 2702 ma
786 2657 922 2703 etiam
958 2657 1011 2702 ad
1045 2654 1152 2718 ogni
1186 2654 1372 2718 piccola.
1409 2654 1472 2700 Et
1506 2654 1679 2700 benche
1715 2654 1774 2699 mi

145 2728 383 2791 dispiaccia
406 2740 451 2775 et
482 2730 597 2792 passi
628 2730 657 2776 il
683 2747 820 2777 cuore
851 2731 897 2777 di
927 2748 1006 2793 per
1036 2741 1193 2793 questa
1225 2727 1457 2775 infermita
1489 2746 1580 2774 non
1606 2729 1775 2792 posser’

146 2802 313 2867 seguir'
344 2814 390 2849 et
418 2804 675 2850 consumar'
707 2805 735 2850 l'
757 2805 1041 2852 incomiciata
1072 2802 1261 2860 fabrica,
1299 2820 1387 2866 pur
1427 2802 1488 2848 mi
1533 2803 1589 2848 ha
1630 2819 1776 2865 parso,

145 2893 276 2922 come
307 2875 479 2940 figliolo
510 2878 592 2924 che
622 2895 830 2941 propone
855 2880 883 2926 li
908 2881 1004 2926 suoi
1037 2878 1215 2941 bisogni
1249 2878 1289 2923 al
1326 2877 1495 2933 Padre,
1532 2877 1776 2940 proponer'

147 2952 288 2998 anche
307 2952 351 2999 io
369 2964 492 2999 tutto
511 2965 673 3017 questo
697 2954 782 3000 alla
803 2954 859 3002 P.
879 2954 952 3013 V.,
972 2955 1095 3000 accio
1120 2955 1239 3017 possi
1261 2971 1347 3000 con
1372 2970 1452 2999 sua
1472 2953 1777 3000 benedittione

204 3112 217 3139 ¹
275 3114 333 3151 Ex
354 3116 596 3162 autographo
619 3116 657 3153 in
678 3117 755 3155 vol.
775 3117 816 3164 F,
840 3118 984 3165 duplici
1006 3117 1110 3163 folio,
1132 3129 1168 3155 n.
1194 3129 1282 3165 212,
1303 3117 1410 3165 prius
1434 3127 1520 3163 133.

273 3196 451 3228 Emuoun
475 3197 629 3236 Mixa-At,
652 3207 734 3230 τοΜ.
758 3209 789 3230 v.
1616 3205 1653 3226 2²
