<?xml version="1.0" encoding="UTF-8"?>
<!DOCTYPE html PUBLIC "-//W3C//DTD XHTML 1.0 Transitional//EN"
    "http://www.w3.org/TR/xhtml1/DTD/xhtml1-transitional.dtd">
<html xmlns="http://www.w3.org/1999/xhtml" xml:lang="en" lang="en">
 <head>
  <title>
</title>
<meta http-equiv="Content-Type" content="text/html;charset=utf-8" />
  <meta name='ocr-system' content='tesseract 3.04.00' />
  <meta name='ocr-capabilities' content='ocr_page ocr_carea ocr_par ocr_line ocrx_word'/>
</head>
<body>
  <div class='ocr_page' id='page_1' title='image "./epistolaemixtaee05matruoft_0721.png"; bbox 0 0 2008 3510; ppageno 0'>
   <div class='ocr_carea' id='block_1_1' title="bbox 773 262 1723 317">
    <p class='ocr_par' dir='ltr' id='par_1_1' title="bbox 773 262 1723 317">
     <span class='ocr_line' id='line_1_1' title="bbox 773 262 1723 317; baseline 0 -16"><span class='ocrx_word' id='word_1_1' title='bbox 773 275 797 315; x_wconf 85' lang='lat'>5</span> <span class='ocrx_word' id='word_1_2' title='bbox 826 262 1017 317; x_wconf 75' lang='lat' dir='ltr'><strong>JANUARu</strong></span> <span class='ocrx_word' id='word_1_3' title='bbox 1050 274 1147 315; x_wconf 88' lang='lat'>1551</span> <span class='ocrx_word' id='word_1_4' title='bbox 1647 273 1723 315; x_wconf 85' lang='lat'>715</span> 
     </span>
    </p>
   </div>
   <div class='ocr_carea' id='block_1_2' title="bbox 142 369 1784 1478">
    <p class='ocr_par' dir='ltr' id='par_1_2' title="bbox 142 369 1784 1478">
     <span class='ocr_line' id='line_1_2' title="bbox 142 369 1778 434; baseline 0.001 -18"><span class='ocrx_word' id='word_1_5' title='bbox 142 382 269 417; x_wconf 91' lang='lat' dir='ltr'>ctum</span> <span class='ocrx_word' id='word_1_6' title='bbox 295 370 553 434; x_wconf 81' lang='lat' dir='ltr'>collegium,</span> <span class='ocrx_word' id='word_1_7' title='bbox 578 370 705 434; x_wconf 92' lang='lat' dir='ltr'>quod</span> <span class='ocrx_word' id='word_1_8' title='bbox 735 370 953 417; x_wconf 91' lang='lat' dir='ltr'>hactenus</span> <span class='ocrx_word' id='word_1_9' title='bbox 976 381 1165 434; x_wconf 81' lang='lat' dir='ltr'>propter</span> <span class='ocrx_word' id='word_1_10' title='bbox 1194 369 1373 416; x_wconf 89' lang='lat' dir='ltr'>obitum</span> <span class='ocrx_word' id='word_1_11' title='bbox 1399 369 1499 433; x_wconf 92' lang='lat' dir='ltr'>piae</span> <span class='ocrx_word' id='word_1_12' title='bbox 1531 371 1778 418; x_wconf 83' lang='lat' dir='ltr'>memoriae</span> 
     </span>
     <span class='ocr_line' id='line_1_3' title="bbox 142 444 1778 508; baseline 0 -17"><span class='ocrx_word' id='word_1_13' title='bbox 142 445 277 493; x_wconf 90' lang='lat' dir='ltr'>Illmi.</span> <span class='ocrx_word' id='word_1_14' title='bbox 306 444 522 508; x_wconf 87' lang='lat' dir='ltr'>principis</span> <span class='ocrx_word' id='word_1_15' title='bbox 547 444 800 502; x_wconf 90' lang='lat' dir='ltr'>Guilielmi,</span> <span class='ocrx_word' id='word_1_16' title='bbox 825 445 954 492; x_wconf 90' lang='lat' dir='ltr'>ducis</span> <span class='ocrx_word' id='word_1_17' title='bbox 980 444 1198 490; x_wconf 86' lang='lat' dir='ltr'>Bauariae</span> <span class='ocrx_word' id='word_1_18' title='bbox 1222 454 1303 490; x_wconf 91' lang='lat' dir='ltr'>etc.</span> <span class='ocrx_word' id='word_1_19' title='bbox 1331 455 1376 490; x_wconf 87' lang='lat' dir='ltr'>et</span> <span class='ocrx_word' id='word_1_20' title='bbox 1402 444 1681 491; x_wconf 91' lang='lat' dir='ltr'>succedentis</span> <span class='ocrx_word' id='word_1_21' title='bbox 1698 445 1778 492; x_wconf 90' lang='lat' dir='ltr'>filii</span> 
     </span>
     <span class='ocr_line' id='line_1_4' title="bbox 142 518 1776 583; baseline 0.001 -17"><span class='ocrx_word' id='word_1_22' title='bbox 142 520 251 577; x_wconf 90' lang='lat' dir='ltr'>eius,</span> <span class='ocrx_word' id='word_1_23' title='bbox 288 519 428 567; x_wconf 92' lang='lat' dir='ltr'>Illmi.</span> <span class='ocrx_word' id='word_1_24' title='bbox 460 519 676 583; x_wconf 91' lang='lat' dir='ltr'>principis</span> <span class='ocrx_word' id='word_1_25' title='bbox 713 519 907 577; x_wconf 89' lang='lat' dir='ltr'>Alberti,</span> <span class='ocrx_word' id='word_1_26' title='bbox 943 519 1117 566; x_wconf 90' lang='lat' dir='ltr'>domini</span> <span class='ocrx_word' id='word_1_27' title='bbox 1152 518 1256 576; x_wconf 89' lang='lat' dir='ltr'>mei,</span> <span class='ocrx_word' id='word_1_28' title='bbox 1295 518 1542 565; x_wconf 90' lang='lat' dir='ltr'>honorifice</span> <span class='ocrx_word' id='word_1_29' title='bbox 1578 520 1776 579; x_wconf 91' lang='lat' dir='ltr'>amandi,</span> 
     </span>
     <span class='ocr_line' id='line_1_5' title="bbox 143 592 1779 658; baseline 0.001 -19"><span class='ocrx_word' id='word_1_30' title='bbox 143 593 364 658; x_wconf 89' lang='lat' dir='ltr'>plurimas</span> <span class='ocrx_word' id='word_1_31' title='bbox 399 605 444 640; x_wconf 91' lang='lat' dir='ltr'>et</span> <span class='ocrx_word' id='word_1_32' title='bbox 479 593 766 657; x_wconf 88' lang='lat' dir='ltr'>grauissimas</span> <span class='ocrx_word' id='word_1_33' title='bbox 795 594 1135 657; x_wconf 80' lang='lat' dir='ltr'>occupationes,</span> <span class='ocrx_word' id='word_1_34' title='bbox 1176 592 1343 657; x_wconf 90' lang='lat' dir='ltr'>quibus</span> <span class='ocrx_word' id='word_1_35' title='bbox 1379 593 1425 639; x_wconf 91' lang='lat' dir='ltr'>in</span> <span class='ocrx_word' id='word_1_36' title='bbox 1459 593 1779 642; x_wconf 90' lang='lat' dir='ltr'>confirmanda</span> 
     </span>
     <span class='ocr_line' id='line_1_6' title="bbox 142 666 1780 731; baseline 0.002 -19"><span class='ocrx_word' id='word_1_37' title='bbox 142 668 334 713; x_wconf 91' lang='lat' dir='ltr'>ducatus</span> <span class='ocrx_word' id='word_1_38' title='bbox 358 667 748 714; x_wconf 85' lang='lat' dir='ltr'>administratione</span> <span class='ocrx_word' id='word_1_39' title='bbox 772 668 995 714; x_wconf 91' lang='lat' dir='ltr'>distentus</span> <span class='ocrx_word' id='word_1_40' title='bbox 1018 666 1122 726; x_wconf 87' lang='lat' dir='ltr'>fuit,</span> <span class='ocrx_word' id='word_1_41' title='bbox 1146 667 1257 731; x_wconf 86' lang='lat' dir='ltr'>erigi</span> <span class='ocrx_word' id='word_1_42' title='bbox 1285 684 1375 713; x_wconf 92' lang='lat' dir='ltr'>non</span> <span class='ocrx_word' id='word_1_43' title='bbox 1406 668 1574 731; x_wconf 91' lang='lat' dir='ltr'>potuit,</span> <span class='ocrx_word' id='word_1_44' title='bbox 1601 681 1780 716; x_wconf 90' lang='lat' dir='ltr'>mature</span> 
     </span>
     <span class='ocr_line' id='line_1_7' title="bbox 143 741 1780 806; baseline 0.001 -20"><span class='ocrx_word' id='word_1_45' title='bbox 143 741 328 787; x_wconf 91' lang='lat' dir='ltr'>tandem</span> <span class='ocrx_word' id='word_1_46' title='bbox 351 741 566 795; x_wconf 88' lang='lat' dir='ltr'>constitui</span> <span class='ocrx_word' id='word_1_47' title='bbox 591 753 741 805; x_wconf 85' lang='lat' dir='ltr'>queat,</span> <span class='ocrx_word' id='word_1_48' title='bbox 766 742 1024 788; x_wconf 90' lang='lat' dir='ltr'>dummodo</span> <span class='ocrx_word' id='word_1_49' title='bbox 1048 742 1092 788; x_wconf 92' lang='lat' dir='ltr'>in</span> <span class='ocrx_word' id='word_1_50' title='bbox 1118 742 1363 788; x_wconf 86' lang='lat' dir='ltr'>retinendis</span> <span class='ocrx_word' id='word_1_51' title='bbox 1387 741 1568 789; x_wconf 93' lang='lat' dir='ltr'>duobus</span> <span class='ocrx_word' id='word_1_52' title='bbox 1598 743 1780 806; x_wconf 91' lang='lat' dir='ltr'>praedi-</span> 
     </span>
     <span class='ocr_line' id='line_1_8' title="bbox 144 815 1775 879; baseline 0.001 -18"><span class='ocrx_word' id='word_1_53' title='bbox 144 816 226 861; x_wconf 92' lang='lat' dir='ltr'>ctis</span> <span class='ocrx_word' id='word_1_54' title='bbox 249 815 370 872; x_wconf 90' lang='lat' dir='ltr'>viris,</span> <span class='ocrx_word' id='word_1_55' title='bbox 395 826 440 862; x_wconf 92' lang='lat' dir='ltr'>et</span> <span class='ocrx_word' id='word_1_56' title='bbox 469 816 723 879; x_wconf 89' lang='lat' dir='ltr'>colligenda</span> <span class='ocrx_word' id='word_1_57' title='bbox 754 816 928 879; x_wconf 87' lang='lat' dir='ltr'>reliqua</span> <span class='ocrx_word' id='word_1_58' title='bbox 958 816 1163 863; x_wconf 86' lang='lat' dir='ltr'>triennali</span> <span class='ocrx_word' id='word_1_59' title='bbox 1196 816 1391 875; x_wconf 88' lang='lat' dir='ltr'>decima,</span> <span class='ocrx_word' id='word_1_60' title='bbox 1424 817 1676 863; x_wconf 87' lang='lat' dir='ltr'>academiae</span> <span class='ocrx_word' id='word_1_61' title='bbox 1714 817 1775 863; x_wconf 93' lang='lat' dir='ltr'>illi</span> 
     </span>
     <span class='ocr_line' id='line_1_9' title="bbox 143 889 1777 955; baseline 0.002 -20"><span class='ocrx_word' id='word_1_62' title='bbox 143 907 364 947; x_wconf 90' lang='lat' dir='ltr'>concessa,</span> <span class='ocrx_word' id='word_1_63' title='bbox 399 890 631 953; x_wconf 90' lang='lat' dir='ltr'>pontificia</span> <span class='ocrx_word' id='word_1_64' title='bbox 664 907 753 936; x_wconf 91' lang='lat' dir='ltr'>non</span> <span class='ocrx_word' id='word_1_65' title='bbox 785 889 982 941; x_wconf 87' lang='lat' dir='ltr'>defuerit</span> <span class='ocrx_word' id='word_1_66' title='bbox 1010 890 1250 938; x_wconf 90' lang='lat' dir='ltr'>clementia</span> <span class='ocrx_word' id='word_1_67' title='bbox 1283 902 1418 955; x_wconf 92' lang='lat' dir='ltr'>atque</span> <span class='ocrx_word' id='word_1_68' title='bbox 1452 891 1704 938; x_wconf 89' lang='lat' dir='ltr'>authoritas</span> <span class='ocrx_word' id='word_1_69' title='bbox 1732 904 1777 939; x_wconf 86' lang='lat' dir='ltr'>et</span> 
     </span>
     <span class='ocr_line' id='line_1_10' title="bbox 143 964 1778 1029; baseline 0.002 -19"><span class='ocrx_word' id='word_1_70' title='bbox 143 964 345 1011; x_wconf 90' lang='lat' dir='ltr'>studium</span> <span class='ocrx_word' id='word_1_71' title='bbox 371 976 505 1011; x_wconf 91' lang='lat' dir='ltr'>tuum</span> <span class='ocrx_word' id='word_1_72' title='bbox 525 964 556 1012; x_wconf 91' lang='lat'>¹.</span> <span class='ocrx_word' id='word_1_73' title='bbox 583 965 769 1011; x_wconf 90' lang='lat' dir='ltr'>Etenim</span> <span class='ocrx_word' id='word_1_74' title='bbox 795 965 840 1011; x_wconf 90' lang='lat' dir='ltr'>in</span> <span class='ocrx_word' id='word_1_75' title='bbox 863 966 950 1012; x_wconf 89' lang='lat' dir='ltr'>hoc</span> <span class='ocrx_word' id='word_1_76' title='bbox 964 965 1268 1012; x_wconf 90' lang='lat' dir='ltr'>conficiendae</span> <span class='ocrx_word' id='word_1_77' title='bbox 1287 966 1347 1011; x_wconf 95' lang='lat' dir='ltr'>rei</span> <span class='ocrx_word' id='word_1_78' title='bbox 1369 966 1628 1029; x_wconf 85' lang='lat' dir='ltr'>propositae</span> <span class='ocrx_word' id='word_1_79' title='bbox 1652 983 1778 1013; x_wconf 88' lang='lat' dir='ltr'>emo-</span> 
     </span>
     <span class='ocr_line' id='line_1_11' title="bbox 145 1039 1779 1104; baseline 0.002 -20"><span class='ocrx_word' id='word_1_80' title='bbox 145 1039 348 1085; x_wconf 88' lang='lat' dir='ltr'>lumenta</span> <span class='ocrx_word' id='word_1_81' title='bbox 380 1039 612 1102; x_wconf 89' lang='lat' dir='ltr'>potissime</span> <span class='ocrx_word' id='word_1_82' title='bbox 645 1039 728 1085; x_wconf 89' lang='lat' dir='ltr'>sita</span> <span class='ocrx_word' id='word_1_83' title='bbox 760 1052 908 1087; x_wconf 91' lang='lat' dir='ltr'>erunt.</span> <span class='ocrx_word' id='word_1_84' title='bbox 940 1039 1238 1104; x_wconf 73' lang='lat' dir='ltr'>Quamquam</span> <span class='ocrx_word' id='word_1_85' title='bbox 1270 1039 1392 1086; x_wconf 87' lang='lat' dir='ltr'>enim</span> <span class='ocrx_word' id='word_1_86' title='bbox 1427 1040 1574 1103; x_wconf 90' lang='lat' dir='ltr'>prima</span> <span class='ocrx_word' id='word_1_87' title='bbox 1603 1041 1779 1087; x_wconf 89' lang='lat' dir='ltr'>decima</span> 
     </span>
     <span class='ocr_line' id='line_1_12' title="bbox 143 1114 1778 1179; baseline 0.001 -19"><span class='ocrx_word' id='word_1_88' title='bbox 143 1114 366 1177; x_wconf 85' lang='lat' dir='ltr'>superiori</span> <span class='ocrx_word' id='word_1_89' title='bbox 392 1131 511 1161; x_wconf 91' lang='lat' dir='ltr'>anno</span> <span class='ocrx_word' id='word_1_90' title='bbox 535 1114 640 1160; x_wconf 89' lang='lat' dir='ltr'>satis</span> <span class='ocrx_word' id='word_1_91' title='bbox 663 1115 850 1179; x_wconf 91' lang='lat' dir='ltr'>quidem</span> <span class='ocrx_word' id='word_1_92' title='bbox 876 1114 1130 1178; x_wconf 85' lang='lat' dir='ltr'>diligenter,</span> <span class='ocrx_word' id='word_1_93' title='bbox 1155 1115 1234 1161; x_wconf 90' lang='lat' dir='ltr'>sed</span> <span class='ocrx_word' id='word_1_94' title='bbox 1258 1131 1350 1160; x_wconf 91' lang='lat' dir='ltr'>non</span> <span class='ocrx_word' id='word_1_95' title='bbox 1375 1115 1480 1160; x_wconf 91' lang='lat' dir='ltr'>satis</span> <span class='ocrx_word' id='word_1_96' title='bbox 1504 1115 1778 1162; x_wconf 90' lang='lat' dir='ltr'>conuenien-</span> 
     </span>
     <span class='ocr_line' id='line_1_13' title="bbox 144 1187 1782 1253; baseline 0.001 -19"><span class='ocrx_word' id='word_1_97' title='bbox 144 1197 227 1245; x_wconf 88' lang='lat' dir='ltr'>ter,</span> <span class='ocrx_word' id='word_1_98' title='bbox 256 1187 456 1247; x_wconf 90' lang='lat' dir='ltr'>collecta,</span> <span class='ocrx_word' id='word_1_99' title='bbox 488 1188 612 1234; x_wconf 90' lang='lat' dir='ltr'>salua</span> <span class='ocrx_word' id='word_1_100' title='bbox 645 1189 792 1235; x_wconf 91' lang='lat' dir='ltr'>adhuc</span> <span class='ocrx_word' id='word_1_101' title='bbox 823 1201 958 1253; x_wconf 91' lang='lat' dir='ltr'>atque</span> <span class='ocrx_word' id='word_1_102' title='bbox 990 1189 1168 1253; x_wconf 88' lang='lat' dir='ltr'>integra</span> <span class='ocrx_word' id='word_1_103' title='bbox 1198 1189 1268 1246; x_wconf 90' lang='lat' dir='ltr'>sit,</span> <span class='ocrx_word' id='word_1_104' title='bbox 1302 1189 1375 1234; x_wconf 91' lang='lat' dir='ltr'>illa</span> <span class='ocrx_word' id='word_1_105' title='bbox 1407 1200 1560 1235; x_wconf 87' lang='lat' dir='ltr'>tamen</span> <span class='ocrx_word' id='word_1_106' title='bbox 1593 1201 1782 1253; x_wconf 89' lang='lat' dir='ltr'>propter</span> 
     </span>
     <span class='ocr_line' id='line_1_14' title="bbox 145 1262 1780 1328; baseline 0.002 -20"><span class='ocrx_word' id='word_1_107' title='bbox 145 1272 410 1326; x_wconf 89' lang='lat' dir='ltr'>temporum</span> <span class='ocrx_word' id='word_1_108' title='bbox 436 1262 785 1327; x_wconf 82' lang='lat' dir='ltr'>malignitatem,</span> <span class='ocrx_word' id='word_1_109' title='bbox 812 1263 978 1326; x_wconf 88' lang='lat' dir='ltr'>partim</span> <span class='ocrx_word' id='word_1_110' title='bbox 1011 1263 1148 1309; x_wconf 90' lang='lat' dir='ltr'>etiam</span> <span class='ocrx_word' id='word_1_111' title='bbox 1176 1262 1542 1310; x_wconf 90' lang='lat' dir='ltr'>maleuolentiam</span> <span class='ocrx_word' id='word_1_112' title='bbox 1568 1281 1780 1328; x_wconf 91' lang='lat' dir='ltr'>quorun-</span> 
     </span>
     <span class='ocr_line' id='line_1_15' title="bbox 145 1338 1781 1403; baseline 0 -18"><span class='ocrx_word' id='word_1_113' title='bbox 145 1338 251 1385; x_wconf 83' lang='lat' dir='ltr'>dam</span> <span class='ocrx_word' id='word_1_114' title='bbox 277 1339 535 1398; x_wconf 91' lang='lat' dir='ltr'>hominum,</span> <span class='ocrx_word' id='word_1_115' title='bbox 560 1350 606 1385; x_wconf 90' lang='lat' dir='ltr'>et</span> <span class='ocrx_word' id='word_1_116' title='bbox 629 1351 976 1402; x_wconf 88' lang='lat' dir='ltr'>praeposterum</span> <span class='ocrx_word' id='word_1_117' title='bbox 1003 1339 1246 1403; x_wconf 87' lang='lat' dir='ltr'>colligendi</span> <span class='ocrx_word' id='word_1_118' title='bbox 1271 1349 1542 1402; x_wconf 91' lang='lat' dir='ltr'>vsurpatum</span> <span class='ocrx_word' id='word_1_119' title='bbox 1570 1339 1781 1397; x_wconf 91' lang='lat' dir='ltr'>modum,</span> 
     </span>
     <span class='ocr_line' id='line_1_16' title="bbox 146 1412 1784 1478; baseline 0.001 -19"><span class='ocrx_word' id='word_1_120' title='bbox 146 1413 508 1476; x_wconf 87' lang='lat' dir='ltr'>expectationem</span> <span class='ocrx_word' id='word_1_121' title='bbox 533 1412 707 1470; x_wconf 88' lang='lat' dir='ltr'>fefellit,</span> <span class='ocrx_word' id='word_1_122' title='bbox 734 1430 880 1478; x_wconf 91' lang='lat' dir='ltr'>neque</span> <span class='ocrx_word' id='word_1_123' title='bbox 904 1413 1175 1460; x_wconf 88' lang='lat' dir='ltr'>institutioni</span> <span class='ocrx_word' id='word_1_124' title='bbox 1202 1423 1352 1460; x_wconf 85' lang='lat' dir='ltr'>tantae</span> <span class='ocrx_word' id='word_1_125' title='bbox 1378 1414 1626 1477; x_wconf 88' lang='lat' dir='ltr'>respondit.</span> <span class='ocrx_word' id='word_1_126' title='bbox 1649 1414 1784 1476; x_wconf 71' lang='lat' dir='ltr'>Quae</span> 
     </span>
    </p>
   </div>
   <div class='ocr_carea' id='block_1_3' title="bbox 135 1487 1781 1552">
    <p class='ocr_par' dir='ltr' id='par_1_3' title="bbox 135 1487 1781 1552">
     <span class='ocr_line' id='line_1_17' title="bbox 135 1487 1781 1552; baseline 0.002 -19"><span class='ocrx_word' id='word_1_127' title='bbox 135 1487 302 1533; x_wconf 64' lang='lat' dir='ltr'>‘omnia</span> <span class='ocrx_word' id='word_1_128' title='bbox 334 1488 378 1534; x_wconf 90' lang='lat' dir='ltr'>in</span> <span class='ocrx_word' id='word_1_129' title='bbox 417 1498 651 1551; x_wconf 90' lang='lat' dir='ltr'>posterum</span> <span class='ocrx_word' id='word_1_130' title='bbox 686 1488 885 1551; x_wconf 91' lang='lat' dir='ltr'>suppleri</span> <span class='ocrx_word' id='word_1_131' title='bbox 919 1499 1125 1552; x_wconf 91' lang='lat' dir='ltr'>possent,</span> <span class='ocrx_word' id='word_1_132' title='bbox 1162 1499 1207 1534; x_wconf 90' lang='lat' dir='ltr'>et</span> <span class='ocrx_word' id='word_1_133' title='bbox 1242 1487 1402 1535; x_wconf 88' lang='lat' dir='ltr'>melius</span> <span class='ocrx_word' id='word_1_134' title='bbox 1434 1489 1664 1552; x_wconf 90' lang='lat' dir='ltr'>prouideri</span> <span class='ocrx_word' id='word_1_135' title='bbox 1700 1489 1781 1536; x_wconf 91' lang='lat' dir='ltr'>de-</span> 
     </span>
    </p>
   </div>
   <div class='ocr_carea' id='block_1_4' title="bbox 147 1562 1784 1702">
    <p class='ocr_par' dir='ltr' id='par_1_4' title="bbox 147 1562 1784 1702">
     <span class='ocr_line' id='line_1_18' title="bbox 147 1562 320 1608; baseline 0 0"><span class='ocrx_word' id='word_1_136' title='bbox 147 1562 320 1608; x_wconf 89' lang='lat' dir='ltr'>berent.</span> 
     </span>
     <span class='ocr_line' id='line_1_19' title="bbox 164 1636 1784 1702; baseline 0.001 -20"><span class='ocrx_word' id='word_1_137' title='bbox 164 1647 172 1649; x_wconf 64' lang='grc'><strong><em>’</em></strong></span> <span class='ocrx_word' id='word_1_138' title='bbox 215 1636 391 1683; x_wconf 91' lang='lat' dir='ltr'>Feceris</span> <span class='ocrx_word' id='word_1_139' title='bbox 414 1653 525 1700; x_wconf 90' lang='lat' dir='ltr'>ergo</span> <span class='ocrx_word' id='word_1_140' title='bbox 549 1636 595 1683; x_wconf 92' lang='lat' dir='ltr'>in</span> <span class='ocrx_word' id='word_1_141' title='bbox 619 1636 706 1683; x_wconf 94' lang='lat' dir='ltr'>hoc</span> <span class='ocrx_word' id='word_1_142' title='bbox 732 1654 916 1702; x_wconf 93' lang='lat' dir='ltr'>quoque</span> <span class='ocrx_word' id='word_1_143' title='bbox 947 1654 1031 1701; x_wconf 91' lang='lat' dir='ltr'>pro</span> <span class='ocrx_word' id='word_1_144' title='bbox 1062 1649 1139 1684; x_wconf 90' lang='lat' dir='ltr'>tua</span> <span class='ocrx_word' id='word_1_145' title='bbox 1162 1653 1270 1700; x_wconf 89' lang='lat' dir='ltr'>erga</span> <span class='ocrx_word' id='word_1_146' title='bbox 1299 1637 1499 1683; x_wconf 88' lang='lat' dir='ltr'>iuuanda</span> <span class='ocrx_word' id='word_1_147' title='bbox 1531 1637 1604 1700; x_wconf 89' lang='lat' dir='ltr'>pia</span> <span class='ocrx_word' id='word_1_148' title='bbox 1633 1636 1784 1683; x_wconf 85' lang='lat' dir='ltr'>studia</span> 
     </span>
    </p>
   </div>
   <div class='ocr_carea' id='block_1_5' title="bbox 132 1711 1784 1787">
    <p class='ocr_par' dir='ltr' id='par_1_5' title="bbox 132 1711 1784 1787">
     <span class='ocr_line' id='line_1_20' title="bbox 132 1711 1784 1787; baseline -0.001 -29"><span class='ocrx_word' id='word_1_149' title='bbox 132 1711 367 1787; x_wconf 51' lang='lat' dir='ltr'>&#39;constanti</span> <span class='ocrx_word' id='word_1_150' title='bbox 395 1711 644 1770; x_wconf 85' lang='lat' dir='ltr'>voluntate,</span> <span class='ocrx_word' id='word_1_151' title='bbox 668 1712 703 1758; x_wconf 92' lang='lat' dir='ltr'>si</span> <span class='ocrx_word' id='word_1_152' title='bbox 730 1712 973 1776; x_wconf 87' lang='lat' dir='ltr'>negocium</span> <span class='ocrx_word' id='word_1_153' title='bbox 1004 1712 1115 1759; x_wconf 91' lang='lat' dir='ltr'>illud</span> <span class='ocrx_word' id='word_1_154' title='bbox 1141 1711 1299 1759; x_wconf 90' lang='lat' dir='ltr'>sedulo</span> <span class='ocrx_word' id='word_1_155' title='bbox 1323 1723 1369 1758; x_wconf 93' lang='lat' dir='ltr'>et</span> <span class='ocrx_word' id='word_1_156' title='bbox 1400 1711 1642 1775; x_wconf 84' lang='lat' dir='ltr'>diligenter</span> <span class='ocrx_word' id='word_1_157' title='bbox 1674 1728 1784 1775; x_wconf 91' lang='lat' dir='ltr'>pro-</span> 
     </span>
    </p>
   </div>
   <div class='ocr_carea' id='block_1_6' title="bbox 146 1786 1786 2520">
    <p class='ocr_par' dir='ltr' id='par_1_6' title="bbox 146 1786 1786 2520">
     <span class='ocr_line' id='line_1_21' title="bbox 147 1786 1781 1851; baseline 0.001 -20"><span class='ocrx_word' id='word_1_158' title='bbox 147 1786 361 1843; x_wconf 89' lang='lat' dir='ltr'>moueris,</span> <span class='ocrx_word' id='word_1_159' title='bbox 386 1797 430 1832; x_wconf 92' lang='lat' dir='ltr'>et</span> <span class='ocrx_word' id='word_1_160' title='bbox 455 1803 510 1832; x_wconf 90' lang='lat' dir='ltr'>ne</span> <span class='ocrx_word' id='word_1_161' title='bbox 534 1786 698 1833; x_wconf 90' lang='lat' dir='ltr'>talibus</span> <span class='ocrx_word' id='word_1_162' title='bbox 723 1787 830 1833; x_wconf 90' lang='lat' dir='ltr'>viris</span> <span class='ocrx_word' id='word_1_163' title='bbox 859 1787 903 1833; x_wconf 90' lang='lat' dir='ltr'>in</span> <span class='ocrx_word' id='word_1_164' title='bbox 936 1787 1164 1834; x_wconf 90' lang='lat' dir='ltr'>academia</span> <span class='ocrx_word' id='word_1_165' title='bbox 1195 1786 1527 1851; x_wconf 88' lang='lat' dir='ltr'>ingolstattensi</span> <span class='ocrx_word' id='word_1_166' title='bbox 1563 1786 1781 1833; x_wconf 89' lang='lat' dir='ltr'>destitua-</span> 
     </span>
     <span class='ocr_line' id='line_1_22' title="bbox 147 1852 1784 1925; baseline 0 -18"><span class='ocrx_word' id='word_1_167' title='bbox 147 1877 272 1917; x_wconf 91' lang='lat' dir='ltr'>mur,</span> <span class='ocrx_word' id='word_1_168' title='bbox 297 1877 485 1924; x_wconf 90' lang='lat' dir='ltr'>operam</span> <span class='ocrx_word' id='word_1_169' title='bbox 510 1860 706 1909; x_wconf 86' lang='lat' dir='ltr'>dederis:</span> <span class='ocrx_word' id='word_1_170' title='bbox 735 1878 882 1925; x_wconf 93' lang='lat' dir='ltr'>neque</span> <span class='ocrx_word' id='word_1_171' title='bbox 906 1862 1076 1925; x_wconf 89' lang='lat' dir='ltr'>poteris</span> <span class='ocrx_word' id='word_1_172' title='bbox 1100 1862 1186 1908; x_wconf 91' lang='lat' dir='ltr'>hoc</span> <span class='ocrx_word' id='word_1_173' title='bbox 1214 1872 1437 1925; x_wconf 90' lang='lat' dir='ltr'>tempore,</span> <span class='ocrx_word' id='word_1_174' title='bbox 1459 1852 1650 1925; x_wconf 28' lang='lat' dir='ltr'>‘quando</span> <span class='ocrx_word' id='word_1_175' title='bbox 1683 1878 1784 1924; x_wconf 89' lang='lat' dir='ltr'>spes</span> 
     </span>
     <span class='ocr_line' id='line_1_23' title="bbox 146 1935 1784 1999; baseline 0.001 -18"><span class='ocrx_word' id='word_1_176' title='bbox 146 1936 297 1982; x_wconf 90' lang='lat' dir='ltr'>omnis</span> <span class='ocrx_word' id='word_1_177' title='bbox 322 1935 593 1982; x_wconf 92' lang='lat' dir='ltr'>idoneorum</span> <span class='ocrx_word' id='word_1_178' title='bbox 616 1936 928 1983; x_wconf 91' lang='lat' dir='ltr'>ministrorum</span> <span class='ocrx_word' id='word_1_179' title='bbox 948 1935 1155 1983; x_wconf 88' lang='lat' dir='ltr'>ecclesiae</span> <span class='ocrx_word' id='word_1_180' title='bbox 1179 1937 1224 1982; x_wconf 92' lang='lat' dir='ltr'>in</span> <span class='ocrx_word' id='word_1_181' title='bbox 1250 1937 1325 1982; x_wconf 88' lang='lat' dir='ltr'>tali</span> <span class='ocrx_word' id='word_1_182' title='bbox 1351 1936 1542 1999; x_wconf 89' lang='lat' dir='ltr'>collegio</span> <span class='ocrx_word' id='word_1_183' title='bbox 1560 1936 1784 1994; x_wconf 89' lang='lat' dir='ltr'>consistit,</span> 
     </span>
     <span class='ocr_line' id='line_1_24' title="bbox 148 2009 1786 2074; baseline 0.001 -19"><span class='ocrx_word' id='word_1_184' title='bbox 148 2009 251 2072; x_wconf 91' lang='lat' dir='ltr'>plus</span> <span class='ocrx_word' id='word_1_185' title='bbox 274 2009 487 2073; x_wconf 90' lang='lat' dir='ltr'>prodesse</span> <span class='ocrx_word' id='word_1_186' title='bbox 507 2020 586 2055; x_wconf 89' lang='lat' dir='ltr'>aut</span> <span class='ocrx_word' id='word_1_187' title='bbox 609 2010 850 2073; x_wconf 90' lang='lat' dir='ltr'>gratificari</span> <span class='ocrx_word' id='word_1_188' title='bbox 876 2010 944 2057; x_wconf 89' lang='lat' dir='ltr'>his</span> <span class='ocrx_word' id='word_1_189' title='bbox 972 2010 1136 2056; x_wconf 87' lang='lat' dir='ltr'>nostris</span> <span class='ocrx_word' id='word_1_190' title='bbox 1155 2010 1433 2074; x_wconf 87' lang='lat' dir='ltr'>regionibus.</span> <span class='ocrx_word' id='word_1_191' title='bbox 1462 2011 1621 2074; x_wconf 88' lang='lat' dir='ltr'>Atque</span> <span class='ocrx_word' id='word_1_192' title='bbox 1647 2022 1696 2056; x_wconf 92' lang='lat' dir='ltr'>ut</span> <span class='ocrx_word' id='word_1_193' title='bbox 1725 2010 1786 2056; x_wconf 92' lang='lat' dir='ltr'>ita</span> 
     </span>
     <span class='ocr_line' id='line_1_25' title="bbox 149 2083 1784 2148; baseline -0.001 -18"><span class='ocrx_word' id='word_1_194' title='bbox 149 2083 297 2142; x_wconf 90' lang='lat' dir='ltr'>facias,</span> <span class='ocrx_word' id='word_1_195' title='bbox 322 2084 401 2131; x_wconf 92' lang='lat' dir='ltr'>abs</span> <span class='ocrx_word' id='word_1_196' title='bbox 424 2096 468 2131; x_wconf 87' lang='lat' dir='ltr'>te</span> <span class='ocrx_word' id='word_1_197' title='bbox 498 2084 631 2131; x_wconf 89' lang='lat' dir='ltr'>valde</span> <span class='ocrx_word' id='word_1_198' title='bbox 655 2096 778 2148; x_wconf 79' lang='lat' dir='ltr'>peto,</span> <span class='ocrx_word' id='word_1_199' title='bbox 808 2084 995 2145; x_wconf 88' lang='lat' dir='ltr'>Juueris</span> <span class='ocrx_word' id='word_1_200' title='bbox 1027 2084 1113 2130; x_wconf 92' lang='lat' dir='ltr'>hoc</span> <span class='ocrx_word' id='word_1_201' title='bbox 1147 2084 1287 2131; x_wconf 92' lang='lat' dir='ltr'>modo</span> <span class='ocrx_word' id='word_1_202' title='bbox 1317 2084 1453 2130; x_wconf 91' lang='lat' dir='ltr'>etiam</span> <span class='ocrx_word' id='word_1_203' title='bbox 1486 2083 1784 2130; x_wconf 89' lang='lat' dir='ltr'>laudatissimi</span> 
     </span>
     <span class='ocr_line' id='line_1_26' title="bbox 149 2157 1785 2221; baseline -0.001 -17"><span class='ocrx_word' id='word_1_204' title='bbox 149 2158 377 2221; x_wconf 83' lang='lat' dir='ltr'>principiS,</span> <span class='ocrx_word' id='word_1_205' title='bbox 403 2157 618 2221; x_wconf 87' lang='lat' dir='ltr'>praedicti</span> <span class='ocrx_word' id='word_1_206' title='bbox 644 2158 770 2204; x_wconf 91' lang='lat' dir='ltr'>ducis</span> <span class='ocrx_word' id='word_1_207' title='bbox 795 2157 974 2204; x_wconf 89' lang='lat' dir='ltr'>Alberti</span> <span class='ocrx_word' id='word_1_208' title='bbox 1002 2168 1100 2214; x_wconf 90' lang='lat' dir='ltr'>etc.,</span> <span class='ocrx_word' id='word_1_209' title='bbox 1126 2158 1335 2221; x_wconf 88' lang='lat' dir='ltr'>egregios</span> <span class='ocrx_word' id='word_1_210' title='bbox 1353 2167 1543 2204; x_wconf 89' lang='lat' dir='ltr'>conatus</span> <span class='ocrx_word' id='word_1_211' title='bbox 1562 2168 1607 2203; x_wconf 92' lang='lat' dir='ltr'>et</span> <span class='ocrx_word' id='word_1_212' title='bbox 1630 2157 1785 2220; x_wconf 89' lang='lat' dir='ltr'>singu-</span> 
     </span>
     <span class='ocr_line' id='line_1_27' title="bbox 150 2230 1786 2298; baseline -0.001 -20"><span class='ocrx_word' id='word_1_213' title='bbox 150 2232 240 2278; x_wconf 91' lang='lat' dir='ltr'>lare</span> <span class='ocrx_word' id='word_1_214' title='bbox 266 2232 542 2279; x_wconf 90' lang='lat' dir='ltr'>desiderium</span> <span class='ocrx_word' id='word_1_215' title='bbox 567 2249 677 2296; x_wconf 86' lang='lat' dir='ltr'>erga</span> <span class='ocrx_word' id='word_1_216' title='bbox 701 2232 786 2298; x_wconf 80' lang='lat' dir='ltr'>hoc</span> <span class='ocrx_word' id='word_1_217' title='bbox 811 2232 1016 2278; x_wconf 91' lang='lat' dir='ltr'>studium</span> <span class='ocrx_word' id='word_1_218' title='bbox 1040 2232 1373 2280; x_wconf 88' lang='lat' dir='ltr'>exornandum.</span> <span class='ocrx_word' id='word_1_219' title='bbox 1401 2232 1524 2279; x_wconf 90' lang='lat' dir='ltr'>Cum</span> <span class='ocrx_word' id='word_1_220' title='bbox 1556 2231 1674 2277; x_wconf 90' lang='lat' dir='ltr'>enim</span> <span class='ocrx_word' id='word_1_221' title='bbox 1702 2230 1786 2278; x_wconf 91' lang='lat' dir='ltr'>ibi-</span> 
     </span>
     <span class='ocr_line' id='line_1_28' title="bbox 148 2304 1783 2370; baseline -0.002 -16"><span class='ocrx_word' id='word_1_222' title='bbox 148 2307 255 2354; x_wconf 89' lang='lat' dir='ltr'>dem</span> <span class='ocrx_word' id='word_1_223' title='bbox 279 2307 351 2370; x_wconf 89' lang='lat' dir='ltr'>pie</span> <span class='ocrx_word' id='word_1_224' title='bbox 374 2319 419 2353; x_wconf 92' lang='lat' dir='ltr'>et</span> <span class='ocrx_word' id='word_1_225' title='bbox 449 2307 689 2370; x_wconf 88' lang='lat' dir='ltr'>diligenter</span> <span class='ocrx_word' id='word_1_226' title='bbox 714 2306 948 2352; x_wconf 90' lang='lat' dir='ltr'>institutus</span> <span class='ocrx_word' id='word_1_227' title='bbox 980 2317 1118 2370; x_wconf 90' lang='lat' dir='ltr'>atque</span> <span class='ocrx_word' id='word_1_228' title='bbox 1151 2306 1339 2353; x_wconf 91' lang='lat' dir='ltr'>edoctus</span> <span class='ocrx_word' id='word_1_229' title='bbox 1369 2306 1439 2363; x_wconf 91' lang='lat' dir='ltr'>sit,</span> <span class='ocrx_word' id='word_1_230' title='bbox 1474 2306 1624 2368; x_wconf 89' lang='lat' dir='ltr'>itaque</span> <span class='ocrx_word' id='word_1_231' title='bbox 1654 2304 1783 2352; x_wconf 91' lang='lat' dir='ltr'>adfe-</span> 
     </span>
     <span class='ocr_line' id='line_1_29' title="bbox 150 2380 1782 2446; baseline -0.001 -18"><span class='ocrx_word' id='word_1_232' title='bbox 150 2392 250 2428; x_wconf 89' lang='lat' dir='ltr'>ctus</span> <span class='ocrx_word' id='word_1_233' title='bbox 273 2399 382 2446; x_wconf 91' lang='lat' dir='ltr'>erga</span> <span class='ocrx_word' id='word_1_234' title='bbox 404 2382 542 2441; x_wconf 88' lang='lat' dir='ltr'>idem,</span> <span class='ocrx_word' id='word_1_235' title='bbox 568 2393 620 2428; x_wconf 89' lang='lat' dir='ltr'>ut</span> <span class='ocrx_word' id='word_1_236' title='bbox 643 2382 688 2428; x_wconf 87' lang='lat' dir='ltr'>in</span> <span class='ocrx_word' id='word_1_237' title='bbox 715 2382 938 2428; x_wconf 90' lang='lat' dir='ltr'>nutricem</span> <span class='ocrx_word' id='word_1_238' title='bbox 963 2380 1143 2427; x_wconf 90' lang='lat' dir='ltr'>fidelem</span> <span class='ocrx_word' id='word_1_239' title='bbox 1164 2381 1265 2444; x_wconf 92' lang='lat' dir='ltr'>pius</span> <span class='ocrx_word' id='word_1_240' title='bbox 1289 2381 1501 2427; x_wconf 87' lang='lat' dir='ltr'>alumnus</span> <span class='ocrx_word' id='word_1_241' title='bbox 1520 2397 1612 2427; x_wconf 90' lang='lat' dir='ltr'>esse</span> <span class='ocrx_word' id='word_1_242' title='bbox 1631 2381 1782 2439; x_wconf 90' lang='lat' dir='ltr'>debet,</span> 
     </span>
     <span class='ocr_line' id='line_1_30' title="bbox 151 2455 1784 2520; baseline -0.002 -17"><span class='ocrx_word' id='word_1_243' title='bbox 151 2456 260 2502; x_wconf 89' lang='lat' dir='ltr'>nihil</span> <span class='ocrx_word' id='word_1_244' title='bbox 285 2467 405 2503; x_wconf 88' lang='lat' dir='ltr'>certe</span> <span class='ocrx_word' id='word_1_245' title='bbox 430 2456 654 2515; x_wconf 89' lang='lat' dir='ltr'>maluerit,</span> <span class='ocrx_word' id='word_1_246' title='bbox 679 2472 818 2520; x_wconf 91' lang='lat' dir='ltr'>quam</span> <span class='ocrx_word' id='word_1_247' title='bbox 837 2455 986 2502; x_wconf 89' lang='lat' dir='ltr'>studia</span> <span class='ocrx_word' id='word_1_248' title='bbox 1004 2455 1181 2518; x_wconf 90' lang='lat' dir='ltr'>pietatis</span> <span class='ocrx_word' id='word_1_249' title='bbox 1198 2455 1245 2502; x_wconf 91' lang='lat' dir='ltr'>in</span> <span class='ocrx_word' id='word_1_250' title='bbox 1269 2456 1354 2502; x_wconf 90' lang='lat' dir='ltr'>hoc</span> <span class='ocrx_word' id='word_1_251' title='bbox 1373 2455 1663 2519; x_wconf 89' lang='lat' dir='ltr'>potissimum</span> <span class='ocrx_word' id='word_1_252' title='bbox 1685 2457 1784 2500; x_wconf 90' lang='lat' dir='ltr'>loco</span> 
     </span>
    </p>
   </div>
   <div class='ocr_carea' id='block_1_7' title="bbox 158 2635 1795 2811">
    <p class='ocr_par' dir='ltr' id='par_1_7' title="bbox 158 2635 1795 2811">
     <span class='ocr_line' id='line_1_31' title="bbox 172 2635 1784 2686; baseline 0.001 -12"><span class='ocrx_word' id='word_1_253' title='bbox 172 2635 187 2648; x_wconf 81' lang='lat'>&#39;</span> <span class='ocrx_word' id='word_1_254' title='bbox 214 2638 224 2664; x_wconf 92' lang='lat'><strong>¹</strong></span> <span class='ocrx_word' id='word_1_255' title='bbox 287 2640 478 2677; x_wconf 79' lang='lat' dir='ltr'>«Primum</span> <span class='ocrx_word' id='word_1_256' title='bbox 499 2640 733 2686; x_wconf 88' lang='lat' dir='ltr'>Collegium,</span> <span class='ocrx_word' id='word_1_257' title='bbox 755 2639 802 2675; x_wconf 89' lang='lat' dir='ltr'>de</span> <span class='ocrx_word' id='word_1_258' title='bbox 829 2640 938 2686; x_wconf 87' lang='lat' dir='ltr'>cujus</span> <span class='ocrx_word' id='word_1_259' title='bbox 958 2639 1182 2676; x_wconf 88' lang='lat' dir='ltr'>fundatione</span> <span class='ocrx_word' id='word_1_260' title='bbox 1202 2640 1242 2676; x_wconf 89' lang='lat' dir='ltr'>in</span> <span class='ocrx_word' id='word_1_261' title='bbox 1263 2640 1469 2676; x_wconf 90' lang='lat' dir='ltr'>Germania</span> <span class='ocrx_word' id='word_1_262' title='bbox 1496 2639 1683 2685; x_wconf 89' lang='lat' dir='ltr'>agitatum</span> <span class='ocrx_word' id='word_1_263' title='bbox 1702 2638 1784 2686; x_wconf 87' lang='lat' dir='ltr'>fuit,</span> 
     </span>
     <span class='ocr_line' id='line_1_32' title="bbox 158 2701 1786 2750; baseline -0.001 -12"><span class='ocrx_word' id='word_1_264' title='bbox 158 2702 465 2749; x_wconf 87' lang='lat' dir='ltr'>Ingolstadiense</span> <span class='ocrx_word' id='word_1_265' title='bbox 485 2707 563 2749; x_wconf 89' lang='lat' dir='ltr'>est,</span> <span class='ocrx_word' id='word_1_266' title='bbox 585 2713 836 2749; x_wconf 88' lang='lat' dir='ltr'>quamquam,</span> <span class='ocrx_word' id='word_1_267' title='bbox 856 2702 1083 2748; x_wconf 81' lang='lat' dir='ltr'>praepedita</span> <span class='ocrx_word' id='word_1_268' title='bbox 1108 2703 1260 2739; x_wconf 90' lang='lat' dir='ltr'>consilii</span> <span class='ocrx_word' id='word_1_269' title='bbox 1289 2703 1400 2750; x_wconf 90' lang='lat' dir='ltr'>hujus</span> <span class='ocrx_word' id='word_1_270' title='bbox 1426 2702 1690 2747; x_wconf 86' lang='lat' dir='ltr'>exsecutione,</span> <span class='ocrx_word' id='word_1_271' title='bbox 1711 2701 1786 2737; x_wconf 90' lang='lat' dir='ltr'>alia</span> 
     </span>
     <span class='ocr_line' id='line_1_33' title="bbox 159 2764 1795 2811; baseline -0.001 -11"><span class='ocrx_word' id='word_1_272' title='bbox 159 2765 248 2801; x_wconf 90' lang='lat' dir='ltr'>dein</span> <span class='ocrx_word' id='word_1_273' title='bbox 270 2769 357 2800; x_wconf 89' lang='lat' dir='ltr'>ante</span> <span class='ocrx_word' id='word_1_274' title='bbox 378 2765 710 2811; x_wconf 85' lang='lat' dir='ltr'>Anglipolitanum</span> <span class='ocrx_word' id='word_1_275' title='bbox 732 2764 771 2800; x_wconf 90' lang='lat' dir='ltr'>in</span> <span class='ocrx_word' id='word_1_276' title='bbox 791 2764 948 2800; x_wconf 90' lang='lat' dir='ltr'>Austria</span> <span class='ocrx_word' id='word_1_277' title='bbox 970 2764 1235 2810; x_wconf 89' lang='lat' dir='ltr'>Bohemiaque</span> <span class='ocrx_word' id='word_1_278' title='bbox 1255 2765 1398 2801; x_wconf 89' lang='lat' dir='ltr'>fuerint</span> <span class='ocrx_word' id='word_1_279' title='bbox 1420 2768 1557 2800; x_wconf 82' lang='lat' dir='ltr'>erecta.</span> <span class='ocrx_word' id='word_1_280' title='bbox 1579 2764 1795 2800; x_wconf 86' lang='lat' dir='ltr'>Intervenit·</span> 
     </span>
    </p>
   </div>
   <div class='ocr_carea' id='block_1_8' title="bbox 102 2825 1787 2870">
    <p class='ocr_par' dir='ltr' id='par_1_8' title="bbox 102 2825 1787 2870">
     <span class='ocr_line' id='line_1_34' title="bbox 102 2825 1787 2870; baseline -0.001 -7"><span class='ocrx_word' id='word_1_281' title='bbox 102 2864 110 2870; x_wconf 80' lang='grc'><strong>,</strong></span> <span class='ocrx_word' id='word_1_282' title='bbox 160 2828 256 2863; x_wconf 86' lang='lat' dir='ltr'>haec</span> <span class='ocrx_word' id='word_1_283' title='bbox 275 2837 426 2863; x_wconf 91' lang='lat' dir='ltr'>remora</span> <span class='ocrx_word' id='word_1_284' title='bbox 447 2837 494 2862; x_wconf 86' lang='lat' dir='ltr'>ex</span> <span class='ocrx_word' id='word_1_285' title='bbox 513 2827 712 2862; x_wconf 85' lang='lat' dir='ltr'>immatura</span> <span class='ocrx_word' id='word_1_286' title='bbox 738 2826 933 2862; x_wconf 89' lang='lat' dir='ltr'>Guilielmi</span> <span class='ocrx_word' id='word_1_287' title='bbox 955 2826 1070 2862; x_wconf 85' lang='lat' dir='ltr'>simul</span> <span class='ocrx_word' id='word_1_288' title='bbox 1098 2830 1135 2861; x_wconf 88' lang='lat' dir='ltr'>et</span> <span class='ocrx_word' id='word_1_289' title='bbox 1162 2826 1248 2862; x_wconf 91' lang='lat' dir='ltr'>Ekii</span> <span class='ocrx_word' id='word_1_290' title='bbox 1270 2832 1403 2863; x_wconf 82' lang='lat' dir='ltr'>morte.</span> <span class='ocrx_word' id='word_1_291' title='bbox 1432 2825 1537 2862; x_wconf 87' lang='lat' dir='ltr'>Obiit</span> <span class='ocrx_word' id='word_1_292' title='bbox 1559 2826 1787 2862; x_wconf 89' lang='lat' dir='ltr'>Guilielmus</span> 
     </span>
    </p>
   </div>
   <div class='ocr_carea' id='block_1_9' title="bbox 156 2889 1787 3187">
    <p class='ocr_par' dir='ltr' id='par_1_9' title="bbox 156 2889 1787 3187">
     <span class='ocr_line' id='line_1_35' title="bbox 157 2889 1787 2935; baseline -0.001 -9"><span class='ocrx_word' id='word_1_293' title='bbox 157 2900 260 2926; x_wconf 90' lang='lat' dir='ltr'>anno</span> <span class='ocrx_word' id='word_1_294' title='bbox 292 2890 435 2925; x_wconf 86' lang='lat' dir='ltr'>saeculi</span> <span class='ocrx_word' id='word_1_295' title='bbox 460 2889 656 2935; x_wconf 87' lang='lat' dir='ltr'>Jubilaeo,</span> <span class='ocrx_word' id='word_1_296' title='bbox 678 2899 746 2925; x_wconf 89' lang='lat' dir='ltr'>seu</span> <span class='ocrx_word' id='word_1_297' title='bbox 767 2889 1106 2935; x_wconf 86' lang='lat' dir='ltr'>quinquagesimo,</span> <span class='ocrx_word' id='word_1_298' title='bbox 1127 2889 1189 2925; x_wconf 88' lang='lat' dir='ltr'>die</span> <span class='ocrx_word' id='word_1_299' title='bbox 1217 2890 1345 2925; x_wconf 86' lang='lat' dir='ltr'>Martii</span> <span class='ocrx_word' id='word_1_300' title='bbox 1374 2892 1519 2925; x_wconf 82' lang='lat' dir='ltr'>sexto...</span> <span class='ocrx_word' id='word_1_301' title='bbox 1544 2889 1680 2925; x_wconf 86' lang='lat' dir='ltr'>Paucis</span> <span class='ocrx_word' id='word_1_302' title='bbox 1700 2892 1787 2934; x_wconf 89' lang='lat' dir='ltr'>post</span> 
     </span>
     <span class='ocr_line' id='line_1_36' title="bbox 162 2951 1786 2998; baseline -0.001 -10"><span class='ocrx_word' id='word_1_303' title='bbox 162 2953 299 2988; x_wconf 89' lang='lat' dir='ltr'>diebus</span> <span class='ocrx_word' id='word_1_304' title='bbox 319 2952 532 2998; x_wconf 87' lang='lat' dir='ltr'>Principem</span> <span class='ocrx_word' id='word_1_305' title='bbox 549 2956 703 2988; x_wconf 87' lang='lat' dir='ltr'>secutus</span> <span class='ocrx_word' id='word_1_306' title='bbox 720 2955 776 2988; x_wconf 85' lang='lat' dir='ltr'>est</span> <span class='ocrx_word' id='word_1_307' title='bbox 797 2962 958 2998; x_wconf 88' lang='lat' dir='ltr'>magnus</span> <span class='ocrx_word' id='word_1_308' title='bbox 979 2952 1043 2988; x_wconf 87' lang='lat' dir='ltr'>ille</span> <span class='ocrx_word' id='word_1_309' title='bbox 1064 2953 1176 2987; x_wconf 88' lang='lat' dir='ltr'>aulae</span> <span class='ocrx_word' id='word_1_310' title='bbox 1196 2952 1402 2988; x_wconf 88' lang='lat' dir='ltr'>bauaricae</span> <span class='ocrx_word' id='word_1_311' title='bbox 1420 2952 1603 2998; x_wconf 87' lang='lat' dir='ltr'>minister,</span> <span class='ocrx_word' id='word_1_312' title='bbox 1623 2951 1786 2987; x_wconf 75' lang='lat' dir='ltr'>Leonat-</span> 
     </span>
     <span class='ocr_line' id='line_1_37' title="bbox 157 3013 1786 3060; baseline -0.001 -10"><span class='ocrx_word' id='word_1_313' title='bbox 157 3015 228 3051; x_wconf 92' lang='lat' dir='ltr'>dus</span> <span class='ocrx_word' id='word_1_314' title='bbox 258 3014 415 3051; x_wconf 90' lang='lat' dir='ltr'>Ekius...</span> <span class='ocrx_word' id='word_1_315' title='bbox 443 3015 561 3051; x_wconf 93' lang='lat' dir='ltr'>Porro</span> <span class='ocrx_word' id='word_1_316' title='bbox 591 3014 710 3049; x_wconf 87' lang='lat' dir='ltr'>Ekius</span> <span class='ocrx_word' id='word_1_317' title='bbox 740 3024 892 3060; x_wconf 90' lang='lat' dir='ltr'>quoque</span> <span class='ocrx_word' id='word_1_318' title='bbox 923 3013 1156 3050; x_wconf 86' lang='lat' dir='ltr'>Societatem</span> <span class='ocrx_word' id='word_1_319' title='bbox 1187 3015 1329 3050; x_wconf 85' lang='lat' dir='ltr'>amavit</span> <span class='ocrx_word' id='word_1_320' title='bbox 1360 3014 1574 3050; x_wconf 85' lang='lat' dir='ltr'>tenerrime.</span> <span class='ocrx_word' id='word_1_321' title='bbox 1606 3014 1715 3049; x_wconf 89' lang='lat' dir='ltr'>Hanc</span> <span class='ocrx_word' id='word_1_322' title='bbox 1744 3017 1786 3048; x_wconf 91' lang='lat' dir='ltr'>ut</span> 
     </span>
     <span class='ocr_line' id='line_1_38' title="bbox 156 3075 1785 3123; baseline 0 -11"><span class='ocrx_word' id='word_1_323' title='bbox 156 3076 376 3114; x_wconf 88' lang='lat' dir='ltr'>Mauritio...</span> <span class='ocrx_word' id='word_1_324' title='bbox 398 3076 588 3121; x_wconf 82' lang='lat' dir='ltr'>Antistiti,</span> <span class='ocrx_word' id='word_1_325' title='bbox 607 3076 679 3112; x_wconf 90' lang='lat' dir='ltr'>sibi</span> <span class='ocrx_word' id='word_1_326' title='bbox 699 3076 1005 3111; x_wconf 88' lang='lat' dir='ltr'>commendatam</span> <span class='ocrx_word' id='word_1_327' title='bbox 1019 3076 1159 3112; x_wconf 87' lang='lat' dir='ltr'>habere</span> <span class='ocrx_word' id='word_1_328' title='bbox 1171 3080 1357 3123; x_wconf 85' lang='lat' dir='ltr'>pergeret,</span> <span class='ocrx_word' id='word_1_329' title='bbox 1375 3075 1563 3122; x_wconf 86' lang='lat' dir='ltr'>supremis</span> <span class='ocrx_word' id='word_1_330' title='bbox 1580 3075 1671 3121; x_wconf 89' lang='lat' dir='ltr'>fere,</span> <span class='ocrx_word' id='word_1_331' title='bbox 1690 3085 1785 3123; x_wconf 90' lang='lat' dir='ltr'>quas</span> 
     </span>
     <span class='ocr_line' id='line_1_39' title="bbox 167 3135 1364 3187; baseline 0.001 -12"><span class='ocrx_word' id='word_1_332' title='bbox 167 3139 386 3186; x_wconf 87' lang='lat' dir='ltr'>scripserat,</span> <span class='ocrx_word' id='word_1_333' title='bbox 407 3139 528 3175; x_wconf 91' lang='lat' dir='ltr'>literis</span> <span class='ocrx_word' id='word_1_334' title='bbox 547 3138 732 3185; x_wconf 78' lang='lat' dir='ltr'>rogavit.»</span> <span class='ocrx_word' id='word_1_335' title='bbox 757 3138 983 3185; x_wconf 75' lang='lat' dir='ltr'>AGRICOLA,</span> <span class='ocrx_word' id='word_1_336' title='bbox 1003 3135 1029 3176; x_wconf 91' lang='lat' dir='ltr'>l.</span> <span class='ocrx_word' id='word_1_337' title='bbox 1051 3149 1097 3185; x_wconf 88' lang='lat' dir='ltr'>c.,</span> <span class='ocrx_word' id='word_1_338' title='bbox 1118 3149 1154 3176; x_wconf 90' lang='lat' dir='ltr'>n.</span> <span class='ocrx_word' id='word_1_339' title='bbox 1179 3149 1364 3187; x_wconf 81' lang='lat'>171-174.</span> 
     </span>
    </p>
   </div>
  </div>
 </body>
</html>
