2008 3510
323 227 344 266 5
350 215 400 266 58
789 213 1021 252 EPISTOLAE
1051 215 1295 254 Murram—1
1303 227 1350 255 22
1357 217 1379 254 8

270 337 370 366 mus
393 320 545 365 locum
570 318 765 382 aliquem
791 318 922 366 nobis
946 321 1317 378 conuenientem,
1350 322 1547 368 maxime
1570 333 1812 386 antequam
1840 324 1897 371 ad

269 410 351 439 vos
392 392 573 438 veniam
602 391 636 450 ¹3
669 403 715 439 et
748 393 877 439 amici
913 410 960 439 se
995 393 1279 440 voluntarios
1310 395 1367 442 ad
1402 395 1649 442 emendum
1684 396 1900 445 offerunt.

268 468 430 531 Itaque
453 483 568 530 pene
591 467 893 514 conuenimus
916 484 1021 514 cum
1047 469 1265 532 quodam,
1290 481 1335 515 et
1364 469 1559 516 dubium
1584 486 1675 516 non
1700 482 1767 517 est
1790 472 1900 535 quin

268 542 385 586 intra
409 557 577 603 paucos
602 540 696 587 dies
720 540 852 603 plene
878 540 1094 588 faciemus
1113 554 1410 599 contractum3
1431 543 1643 590 dabimus
1663 544 1783 590 enim
1808 545 1902 592 duo

269 614 390 660 milia
414 627 458 660 et
482 614 844 678 quadringentos
868 614 1066 662 florenos
1099 616 1247 662 semel.
1286 617 1469 663 Domus
1502 629 1568 663 est
1600 618 1750 681 ampla
1782 619 1900 667 satis.

269 688 392 734 Solet
422 705 522 734 eam
554 688 805 735 inhabitare
842 690 990 736 Dnus.
1020 690 1092 737 M.
1119 690 1179 736 N.
1214 690 1398 748 Hassel,
1432 691 1508 752 qui
1542 708 1689 754 nuper
1720 692 1834 739 obiit
1856 693 1901 739 in

268 761 459 808 concilio
478 761 506 808 2.
538 761 677 808 Hanc
702 762 895 809 domurn
920 779 1025 808 cum
1051 764 1193 810 domo
1221 764 1384 821 vicina,
1410 765 1516 811 Deo
1544 765 1741 823 volente,
1766 766 1903 813 habe—

269 836 437 884 bimus:
466 836 601 882 habet
625 836 742 883 duos
767 837 898 883 viuos
925 836 1075 884 fontes
1100 850 1223 896 ante,
1249 850 1293 885 et
1318 839 1452 886 etiam
1492 852 1703 902 puteum,
1736 842 1902 888 deinde

266 911 403 956 etiam
439 922 630 974 puteum
671 910 715 956 in
750 911 903 957 domo,
942 911 1049 971 Jam
1086 929 1300 975 paramus
1334 914 1726 976 supplicationem,
1763 932 1916 979 quarn.

265 984 435 1030 ciuitati
463 984 709 1030 louaniensi
734 984 995 1043 offeremus,
1023 996 1072 1032 vt
1096 986 1227 1032 nobis
1250 988 1473 1034 concedat
1496 987 1724 1034 licentiam
1749 1005 1903 1035 emen—

266 1059 311 1105 di
337 1059 504 1105 dictam
532 1059 744 1106 domurn.

333 1134 477 1195 Quod
503 1134 560 1180 ad
585 1134 668 1181 iter
693 1151 862 1191 meum,
897 1133 1249 1198 proximovere
1281 1135 1615 1198 incipiendum,
1641 1146 1692 1181 vt
1725 1136 1901 1200 scripsit

270 1209 320 1255 P.
346 1208 427 1266 V.‚
454 1208 631 1267 attinet,
656 1209 761 1273 quia
792 1225 953 1272 nuper,
978 1226 1083 1254 cum
1118 1209 1245 1255 initio
1280 1209 1440 1255 hiemis
1475 1207 1791 1272 profecturum
1826 1227 1898 1257 me

265 1282 519 1345 sperabam,
544 1282 701 1346 scripsi
727 1300 800 1329 me
823 1283 935 1329 nihil
967 1283 1186 1329 obstaculi
1219 1300 1275 1329 ex
1305 1295 1430 1347 parte
1462 1300 1561 1330 mea
1585 1284 1758 1343 videre,
1783 1301 1900 1348 quo-

266 1357 417 1402 minus
441 1357 696 1420 proficiscar
716 1356 747 1416 ³,
776 1357 921 1403 habeo
946 1374 1065 1403 nunc
1089 1358 1377 1421 scrupulum,
1403 1369 1448 1404 et
1472 1358 1591 1404 malo
1615 1358 1830 1417 indicare,
1855 1371 1901 1405 et

265 1443 332 1477 est
366 1431 468 1478 iste:
505 1432 631 1495 quod
668 1442 827 1477 natura
864 1448 962 1477 mea
1001 1431 1215 1478 abhorret
1239 1449 1264 1477 a
1287 1431 1510 1478 caloribus
1542 1432 1742 1490 aestiuis,
1783 1450 1900 1497 quos

264 1522 369 1552 cum
396 1505 639 1552 difficulter
674 1504 791 1552 ferre
822 1506 1068 1569 potuerim,
1093 1523 1199 1552 curn
1234 1506 1318 1552 sub
1355 1507 1550 1552 hiemem
1586 1517 1690 1552 ante
1726 1507 1899 1571 aliquot

264 1596 407 1626 annos
447 1580 651 1626 venirem
691 1581 889 1626 Romam
921 1592 966 1626 et
996 1580 1042 1626 in
1083 1597 1187 1626 vere
1228 1580 1444 1638 redirem;
1486 1580 1597 1643 quid
1632 1597 1752 1627 nunc
1791 1582 1896 1638 erit,

264 1654 450 1717 quando
476 1654 636 1701 mediis
659 1654 884 1700 caloribus
916 1654 987 1700 vel
1015 1655 1193 1700 Romae
1227 1654 1481 1701 herendum
1507 1655 1577 1700 vel
1609 1655 1897 1702 redeundum

262 1727 371 1774 erit?
420 1728 516 1774 Hic
556 1739 623 1775 est
659 1728 917 1792 scrupulus,
959 1745 1096 1792 quem
1138 1740 1299 1775 natura
1342 1729 1453 1775 mihi
1495 1728 1676 1792 ingerit,
1715 1730 1900 1793 spiritus

264 1812 416 1847 autem
442 1802 753 1864 paratissimus
778 1812 861 1848 est.

330 1875 527 1934 Deinde,
553 1876 679 1939 quod
704 1876 738 1921 si
766 1876 819 1922 P.
846 1876 904 1921 V.
932 1892 1005 1921 me
1029 1892 1190 1922 vocare
1222 1874 1502 1938 dignabitur,
1536 1875 1701 1922 vellem
1731 1875 1900 1922 indica-

264 1961 331 1995 ret
356 1949 484 2007 mihi,
509 1966 565 1995 an
590 1950 634 1995 in
660 1950 818 1996 itinere
844 1949 971 1995 liceat
996 1949 1124 2007 mihi,
1151 1949 1220 1995 vel
1245 1950 1381 1996 etiam
1408 1949 1532 1996 sotiis
1556 1950 1668 1996 meis
1694 1950 1823 2014 (quia
1852 1950 1898 1996 in

263 2024 530 2083 Germania,
560 2035 751 2088 excepto
781 2025 907 2088 quod
931 2024 1172 2071 difficulter
1196 2023 1293 2070 fero
1318 2024 1480 2087 pisces,
1512 2035 1557 2070 et
1586 2023 1745 2071 debilis
1775 2040 1896 2081 sum,

263 2099 341 2145 vix
371 2111 661 2163 apponentur
697 2099 884 2163 pisces),
924 2098 1040 2145 vesci
1075 2097 1285 2145 carnibus
1320 2098 1365 2144 in
1406 2098 1765 2162 quadragesima.
1813 2098 1897 2145 Po-

262 2184 446 2230 stremo,
477 2173 512 2219 si
547 2174 607 2221 R.
640 2173 702 2221 V.
737 2184 889 2236 posset
930 2189 1109 2219 mecum
1150 2172 1423 2236 dispensare,
1457 2183 1509 2218 vt
1542 2189 1626 2235 pro
1663 2172 1762 2229 seri,
1799 2172 1897 2218 loco

262 2247 403 2294 trium
428 2248 689 2307 lectionum,
716 2249 761 2294 in
787 2248 909 2294 horis
925 2247 1151 2294 canonicis
1170 2247 1427 2310 imponeret
1447 2247 1558 2293 mihi
1582 2246 1752 2310 aliquid
1773 2247 1896 2294 aliud

263 2322 526 2386 legendum,
551 2322 778 2386 reliquum
806 2323 1000 2368 offitium
1033 2321 1230 2385 legerem
1260 2337 1318 2366 ex
1351 2321 1570 2389 diurnali,
1602 2337 1817 2384 cuperem
1844 2334 1896 2367 vt

262 2413 444 2459 possem
471 2397 535 2443 vti
561 2397 643 2443 hac
668 2396 858 2453 licentia,
883 2406 1022 2459 prout
1048 2395 1157 2441 mihi
1179 2395 1412 2441 videretur
1436 2395 1481 2441 in
1506 2395 1664 2441 itinere
1688 2411 1894 2451 romano,

261 2480 307 2515 et
330 2470 469 2516 etiam
494 2469 598 2516 alias
622 2470 1008 2534 quandocumque
1036 2468 1318 2532 proficiscor,
1346 2485 1448 2515 nam
1485 2469 1661 2515 nonnisi
1697 2468 1741 2514 in
1774 2468 1894 2515 claro

261 2546 362 2590 aere
394 2561 581 2607 possum
618 2544 771 2591 videre
807 2543 1005 2600 literam,
1046 2542 1128 2588 nisi
1170 2541 1428 2588 notabiliter
1462 2558 1697 2606 magnam3
1731 2542 1894 2588 deinde

262 2617 450 2663 minima
480 2618 650 2664 sarcina
680 2617 879 2664 multum
913 2633 984 2663 me
1015 2628 1174 2680 grauat
1207 2616 1252 2662 in
1285 2615 1574 2672 ambulando,
1600 2628 1646 2662 et
1676 2614 1894 2679 fatigatus

262 2690 390 2737 facile
418 2691 735 2755 ob[li]uiscor,
762 2703 806 2737 et
830 2691 1038 2755 relinquo
1063 2690 1324 2737 breuiarum
1353 2691 1404 2736 in
1430 2690 1627 2753 hospitio
1657 2702 1702 2736 et
1734 2691 1891 2753 perdo,

315 2887 326 2911 ¹
385 2890 446 2925 Ad
461 2890 801 2937 congregationem
819 2889 967 2926 scilicet
983 2889 1219 2935 generalem,
1233 2888 1376 2924 Romae
1391 2888 1604 2934 cogendam
1619 2897 1688 2934 pro
1705 2888 1890 2924 electione

259 2953 397 2988 summi
419 2953 626 2990 Societatis
646 2953 910 2998 moderatoris,
932 2951 971 2987 in
994 2952 1125 2987 locum
1145 2950 1285 2996 Ignatii
1307 2951 1508 2997 demortui,
1529 2949 1757 2987 sufficiendi.

313 3011 329 3037 2
385 3014 441 3052 Cf.
463 3016 669 3061 POLANCO‚
691 3020 715 3052 t.
736 3023 793 3061 VI,
816 3025 905 3061 pag.
926 3021 1017 3061 452,
1041 3024 1076 3049 n.
1103 3023 1219 3060 1942.

315 3073 330 3098 3
387 3077 458 3114 Ms.
473 3075 711 3127 psicascar.
