2008 3510
303 280 380 330 506
772 279 1011 319 EPISTOLAE
1041 281 1372 339 M1xrAE—1207

249 384 341 432 fere
366 390 476 443 40.⁰‚
503 384 581 446 qui
612 385 871 431 dominium
904 386 1141 449 quoddam
1173 387 1257 433 sub
1290 404 1337 433 se
1370 387 1509 434 habet
1533 404 1678 452 prope
1711 389 1893 436 Nouio-

250 476 453 522 magum,
480 459 558 522 qui
583 476 628 505 se
651 459 859 506 Societati
884 460 1022 507 dedit.
1054 460 1365 523 Experiemur
1390 479 1445 508 an
1471 462 1515 508 in
1541 462 1701 509 studiis
1721 462 1890 528 aliquid

248 533 469 596 proficere
511 533 692 595 poterit.
739 534 967 597 Magnam
1017 534 1155 580 habet
1201 535 1394 598 gratiam
1441 537 1744 583 conuersandi
1785 554 1890 583 cum

251 606 534 663 hominibus3
567 606 661 653 istis
693 607 738 653 in
770 607 877 653 locis
907 607 1078 671 vbique
1117 619 1253 654 notus
1289 621 1355 655 est
1384 619 1574 672 propter
1615 609 1890 672 probitatem

251 681 369 727 vitae
393 698 511 727 suae.
543 681 702 728 Plures
726 681 799 727 alii
823 699 869 727 se
890 682 1099 728 Societati
1127 683 1233 729 dare
1251 684 1441 730 omnino
1460 697 1814 747 proposuerunt,
1835 687 1902 733 de'

249 755 416 819 quibus
441 755 561 802 alias,
886 754 889 758 ’

319 829 466 875 Rdus.
504 830 655 877 Dnus.
689 829 815 892 prior
845 829 1117 876 Carthusiae
1150 830 1349 876 multum
1381 832 1522 878 modo
1556 833 1817 879 consolatur
1847 834 1892 880 in

252 903 477 961 Domino,
503 903 628 967 quod
655 903 808 950 videat
833 920 901 950 res
930 904 1164 951 Societatis
1195 904 1256 951 ita
1287 905 1332 951 in
1365 905 1459 952 dies
1494 906 1564 952 hic
1589 918 1891 971 augmentum

250 994 444 1034 sumere,
476 989 521 1023 et
552 989 731 1024 nostros
764 979 852 1024 iam
886 978 1146 1043 praelegere
1176 979 1450 1042 scripturam
1482 996 1668 1028 sacram.
1697 981 1890 1040 Vinum,

248 1052 374 1116 quod
399 1052 635 1115 hucusque
660 1051 876 1111 bibimus,
908 1053 991 1116 ipsi
1026 1052 1156 1099 nobis
1186 1053 1427 1111 dederunt,
1458 1065 1503 1100 et
1533 1055 1682 1102 adhuc
1713 1055 1892 1102 dabunt

248 1127 435 1190 quando
459 1142 576 1189 opus
600 1127 698 1173 erit.

315 1201 464 1247 Rdus.
497 1201 645 1247 Dnus.
681 1201 958 1264 Grupperus
988 1201 1148 1248 diebus
1182 1201 1275 1247 istis
1307 1201 1428 1247 misit
1461 1202 1518 1248 ad
1553 1218 1635 1248 nos
1670 1219 1888 1266 magnum

248 1273 423 1320 dolium
449 1273 542 1319 vini
568 1274 746 1336 optimi.
771 1274 1056 1337 Singularem
1078 1291 1186 1337 erga
1205 1274 1476 1320 Societatem
1495 1274 1710 1321 affectum
1736 1287 1890 1322 osten-

247 1348 329 1406 dit,
357 1348 610 1410 plurimum
644 1365 727 1394 nos
757 1349 1101 1394 commendauit
1127 1349 1250 1411 apud
1284 1349 1526 1411 magistros
1557 1361 1736 1396 nostros
1765 1350 1891 1396 colo-

250 1422 438 1479 nienses,
465 1439 581 1486 quos
613 1438 664 1467 ea
688 1422 755 1476 de⁴
775 1439 907 1468 causa
937 1423 1224 1479 inuitauerat,
1256 1434 1301 1468 et
1333 1439 1414 1468 nos
1445 1439 1551 1468 cum
1583 1423 1703 1486 ipsis,
1738 1424 1892 1470 multis

249 1495 344 1542 aliis
369 1496 563 1559 egregiis
588 1495 696 1541 viris
722 1496 1046 1559 praesentibus.
1073 1496 1307 1542 Dominus
1330 1508 1427 1559 opt.
1456 1513 1575 1544 max.
1597 1497 1817 1543 retribuat
1834 1499 1889 1545 ei.

317 1569 478 1615 Frater
501 1570 701 1633 episcopi
724 1570 865 1616 nostri
889 1569 1092 1617 defuncti
1120 1570 1209 1616 iam
1235 1570 1281 1616 in
1300 1570 1565 1633 episcopum
1587 1570 1755 1617 electus
1774 1583 1839 1618 est
1862 1572 1889 1629 ¹,

247 1660 353 1690 cum
379 1661 472 1707 quo
497 1642 853 1690 familiaritatem
879 1644 990 1690 inire
1018 1644 1159 1690 modo
1185 1644 1482 1690 intendimus.

315 1718 494 1765 Omnes
518 1735 710 1781 corpore
735 1718 887 1764 valent
906 1718 1063 1764 Patres
1081 1730 1126 1764 et
1150 1716 1324 1764 fratres.
1345 1717 1601 1780 Stephanus
1626 1717 1697 1764 ille
1717 1718 1889 1782 spiren-

248 1791 306 1837 sis
340 1791 477 1837 etiam
512 1791 654 1837 modo
690 1802 809 1837 recte
844 1807 938 1837 sese
977 1790 1129 1838 habet.
1169 1790 1275 1854 Ego
1313 1790 1475 1836 diebus
1507 1790 1601 1836 istis
1638 1791 1890 1854 praeteritis

249 1866 501 1912 admodum
528 1865 645 1911 male
670 1865 792 1911 valui
817 1882 872 1911 ex
895 1864 1054 1911 dolore
1078 1864 1228 1910 lateris
1252 1864 1401 1910 dextri
1426 1875 1472 1910 et
1496 1880 1552 1910 ex
1584 1877 1786 1927 pectore;
1811 1865 1891 1911 sed

252 1941 394 1986 modo
428 1940 588 1986 melius
623 1956 693 1985 me
725 1940 886 1995 sentio,
928 1939 1007 1985 sed
1049 1938 1257 1984 nondum
1298 1954 1354 1984 ex
1397 1949 1496 1984 toto
1537 1938 1725 1986 reualui.
1767 1939 1891 1985 Bene

250 2015 397 2060 valeat
426 2015 485 2061 R.
513 2014 573 2061 V.
605 2014 849 2076 Quantum
875 2029 1121 2076 possumus
1150 2013 1532 2058 commendamus
1556 2028 1640 2058 nos
1676 2013 1735 2059 R.
1765 2013 1821 2060 V.
1846 2024 1892 2059 et

250 2088 441 2134 Patrum
466 2089 630 2144 sanctis
653 2088 875 2134 sacrificiis
899 2105 949 2134 ac
974 2086 1171 2133 fratrum
1196 2086 1419 2150 precibus.
1451 2088 1643 2150 Raptim
1670 2087 1888 2134 Coloniae

252 2176 276 2224 5
301 2161 586 2208 Nouembris
618 2162 754 2223 1556.
782 2162 841 2208 R.
871 2162 931 2208 V.
960 2177 1120 2207 seruus
1144 2161 1190 2206 in
1215 2160 1444 2219 Domino,

1147 2243 1455 2290 LEONARDus
1493 2244 1692 2291 KEssEL.

315 2346 568 2408 Inscriptio:
602 2346 635 2406 1<
666 2345 790 2392 Rdo.
827 2345 873 2390 in
912 2342 995 2391 X.⁰
1039 2344 1178 2402 Patri,
1218 2343 1292 2390 M.
1335 2344 1538 2404 Johanni
1578 2345 1635 2391 de
1674 2344 1888 2402 Polanco,

252 2419 484 2466 Societatis
505 2420 632 2480 Jesu.
661 2419 851 2465 Romae.

309 2574 320 2599 ¹
376 2577 571 2614 Antonius
591 2587 666 2613 von
688 2575 977 2622 Schauenburg‚
999 2574 1170 2621 Adolphi
1192 2574 1244 2611 III
1266 2574 1393 2612 frater.
