2008 3510
315 268 393 320 584
779 268 1015 307 EmsroLAE
1044 269 1373 320 Mutua—1239

260 373 482 421 nobilium
513 374 720 420 virorum
752 372 1019 439 frequentia,
1044 374 1378 438 praedicatione
1407 373 1627 438 euangelij
1667 386 1886 438 operatur

260 449 485 511 magnalia
509 449 615 497 Dei.
1793 444 1796 447 ’

324 522 485 568 Schola
509 539 629 569 noua
654 523 742 569 iam
767 533 983 586 concepta
1005 533 1087 580 est,
1115 522 1240 570 locus
1264 522 1531 587 assignatus,
1552 538 1658 568 sane
1679 539 1886 569 commo-

258 597 470 644 dissimus
494 608 539 643 et
563 597 845 661 magnificus.

322 670 406 717 Est
428 672 595 718 domus
618 671 763 718 vicina
785 670 975 734 collegio
1000 680 1169 728 nostro,
1188 687 1304 735 quae
1327 670 1416 716 iam
1435 670 1657 729 diruetur,
1675 686 1724 716 ac
1749 669 1886 733 longe

257 746 542 808 praeclarior,
558 746 674 792 iacto
689 744 994 792 fundamento
1011 762 1148 802 nouo,
1164 746 1363 808 erigetur
1381 745 1746 809 instaureturque
1763 746 1884 805 [sicJ.

259 818 564 882 Gymnasium
579 830 891 883 praeceptores
908 819 1047 865 nostri
1063 836 1119 865 ex
1135 819 1269 864 horto
1287 819 1612 882 ingredientur,
1629 819 1760 882 pueri
1777 835 1888 865 vero

255 893 510 955 separatim.
537 893 579 939 Si
614 894 765 956 plures
797 893 979 956 Hondij
1014 893 1144 939 nobis
1177 893 1221 938 in
1252 893 1352 939 aula
1382 891 1603 951 fauerent,
1641 892 1886 956 collegium

256 966 342 1012 hoc
368 966 731 1030 ingolstadiense,
752 984 898 1031 neque
919 967 1005 1013 isto
1026 967 1211 1031 quidem
1230 966 1409 1013 sublato
1428 965 1743 1023 formidamus,
1763 967 1887 1013 miri-

256 1039 393 1086 ficum
406 1039 609 1087 fructum
627 1041 834 1087 Societati
849 1041 1098 1098 exhiberet,
1115 1041 1332 1104 dabitque
1348 1041 1392 1086 in
1410 1040 1661 1086 mirabilem
1679 1041 1883 1087 modum.

256 1114 343 1161 Sed
368 1115 475 1178 quia
498 1116 652 1161 multis
676 1130 882 1162 caremus
910 1115 1130 1179 Hondijs,
1149 1115 1360 1162 dabimus
1383 1131 1568 1178 operam
1590 1126 1640 1161 vt
1658 1114 1812 1178 plures
1829 1131 1886 1162 ex

256 1189 397 1234 saxeis
437 1189 573 1235 etiam
608 1189 872 1236 hominibus
914 1189 1043 1235 nobis
1082 1206 1215 1236 canes
1250 1190 1417 1236 amicos
1450 1190 1690 1236 eliciamus.
1738 1190 1885 1253 quue

256 1263 561 1310 abundantius
603 1264 945 1327 praestabimus,
975 1264 1010 1310 si
1042 1264 1167 1310 breui
1200 1264 1380 1311 aliunde
1409 1265 1773 1310 concionatorem
1806 1265 1885 1310 ali-

256 1355 393 1402 quem
414 1339 726 1402 impetremus.
753 1339 797 1385 Is
820 1339 942 1385 enim
962 1339 1042 1385 nisi
1068 1339 1198 1385 nobis
1224 1339 1355 1398 adsit,
1374 1350 1419 1385 et
1442 1339 1594 1385 schola
1618 1355 1883 1402 puerorum,

255 1412 381 1475 quasi
406 1412 450 1458 in
476 1413 673 1459 tenebris
696 1414 909 1459 videmur
935 1413 1184 1460 ambulare.
1212 1413 1467 1459 Puerorum
1487 1429 1705 1459 numerus
1723 1413 1767 1459 in
1787 1413 1883 1459 dies

254 1497 460 1549 augetur,
486 1503 687 1550 quorum
715 1503 929 1550 magnam
954 1487 1000 1532 in
1025 1498 1190 1533 aestate
1207 1487 1389 1533 turbam
1409 1499 1710 1550 expectamus.
1736 1487 1882 1533 Intra-

254 1560 324 1606 nei
349 1571 455 1606 sunt
481 1574 541 1622 50
565 1572 609 1606 et
633 1561 803 1623 plures:
829 1571 935 1606 sunt
953 1560 1138 1607 iuuenes
1162 1561 1329 1625 egregij
1357 1571 1402 1606 et
1427 1561 1580 1607 multis
1596 1560 1883 1620 naturae-do-

254 1634 374 1680 tibus
414 1634 642 1697 praeclari.
685 1635 987 1681 Admiramur
1029 1651 1111 1681 nos
1151 1635 1367 1692 indolem,
1409 1635 1478 1699 alij
1521 1651 1795 1698 propensam
1835 1635 1881 1681 in

252 1707 467 1754 discendo
496 1709 795 1767 voluntatem,
821 1710 867 1755 in
890 1709 1147 1755 obediendo
1170 1710 1385 1772 pietatem
1416 1709 1698 1773 aliarumque
1731 1709 1881 1755 virtu-

253 1792 352 1827 tum
379 1782 550 1828 semina
573 1782 676 1828 laeti
702 1783 965 1845 suspiciunt.
994 1781 1202 1829 Confessi
1227 1793 1333 1828 sunt
1356 1799 1515 1828 omnes
1543 1782 1589 1828 in
1619 1783 1753 1829 natali
1787 1781 1880 1828 Sal-

253 1856 435 1912 uatoris,
461 1857 696 1919 paratique
731 1871 787 1917 23
822 1857 879 1902 ad
909 1873 1082 1903 sacram
1119 1857 1495 1902 communionem
1532 1855 1734 1904 fuerunt.
1769 1857 1880 1918 Quo

253 1931 510 1993 spectaculo
550 1947 654 1976 sane
694 1931 986 1977 celeberrimo
1031 1931 1160 1990 (cum
1205 1946 1351 1993 neque
1389 1930 1691 1976 confiteantur
1731 1946 1879 1993 neque

252 2005 592 2050 communicent
615 2005 701 2050 hoc
733 2017 939 2067 tempore
969 2004 1214 2067 germani),
1249 2021 1373 2050 nouo
1397 2015 1442 2049 et
1467 2014 1636 2060 sancto,
1668 2003 1801 2049 multi
1834 2003 1878 2049 in

253 2077 460 2123 Domino
483 2089 590 2124 sunt
614 2079 813 2136 recreati,
840 2090 1048 2141 parentes
1072 2095 1231 2124 eorum
1257 2077 1482 2136 admirati,
1502 2089 1638 2140 atque
1661 2077 1881 2123 consolati

251 2152 595 2215 quamplurimi.

316 2226 550 2273 Dominus
569 2227 699 2273 Deus
723 2226 917 2290 applicet
937 2225 1066 2272 nobis
1084 2238 1302 2289 patronos
1323 2242 1501 2289 semper
1521 2225 1687 2281 fideles,
1712 2239 1880 2288 paucos

249 2299 327 2345 sed
353 2300 510 2357 bonos,
537 2301 616 2364 qui
642 2301 804 2346 nostris
826 2300 1062 2346 conatibus
1086 2301 1130 2346 in
1151 2312 1244 2346 tam
1270 2299 1496 2346 vberrima
1513 2316 1656 2346 messe
1675 2298 1878 2361 adstipu-

251 2373 415 2432 lentur,
442 2390 694 2438 manusque
711 2375 950 2421 adiutrices
968 2374 1222 2437 porrigant,
1243 2390 1335 2420 non
1356 2384 1534 2419 tantum
1554 2374 1598 2419 in
1623 2372 1874 2419 subsidium

251 2448 408 2504 nostri,
433 2449 510 2494 sed
535 2448 775 2512 praecique
793 2448 838 2494 in
862 2460 954 2494 tam
974 2448 1099 2495 rudis
1118 2458 1163 2493 et
1185 2448 1394 2494 omnium
1415 2448 1642 2494 bonorum
1662 2446 1875 2510 spiritua-

251 2521 362 2568 lium
389 2523 586 2584 expertis
610 2523 859 2568 iuuentutis
883 2522 1115 2568 auxilium.

316 2595 360 2641 Si
400 2596 585 2642 consilio
624 2597 901 2642 reuerentiae
947 2609 1049 2642 tuae
1091 2596 1342 2658 Dionysius
1385 2595 1398 2621 ¹
1439 2605 1792 2659 promoueretur
1831 2594 1877 2640 in

250 2668 545 2724 sacerdotem,
573 2685 664 2714 non
689 2685 850 2730 parum
878 2668 999 2714 vtilis
1025 2667 1156 2714 nobis
1180 2679 1306 2715 esset.

316 2740 369 2786 In
406 2740 589 2787 laudem
624 2741 895 2787 Catharinae
926 2740 1115 2804 virginis
1145 2741 1282 2804 pleno
1313 2739 1540 2787 auditorio
1576 2739 1759 2785 recitata
1790 2737 1878 2784 fuit

250 2814 558 2877 superioribus
580 2813 739 2861 diebus
763 2831 853 2861 vna
875 2815 1039 2862 oratio:
1066 2814 1111 2860 in
1137 2815 1371 2861 natiuitate
1406 2812 1696 2878 [Salvatoris]
1724 2812 1877 2876 plures

302 2998 315 3023 ¹
374 3000 614 3047 «Dionysius
658 2998 901 3045 Feyrabend,
949 2997 1438 3044 austrinus-germanus».
1488 2996 1701 3042 POLANCO‚
1743 2998 1768 3031 t.
1817 3001 1875 3040 VI,

247 3072 334 3108 pag.
359 3063 449 3110 389,
476 3073 511 3099 n.
542 3062 654 3108 1648,
682 3065 811 3098 annot.
840 3071 874 3107 2,
908 3060 973 3096 ubi
1003 3060 1202 3106 catalogus
1229 3059 1429 3096 exhibetur
1458 3058 1649 3095 sodalium
1682 3056 1875 3104 ingolsta-

249 3124 453 3162 diensium.
