2008 3510
318 262 397 312 604
766 259 1017 297 .EPISTOLAE
1044 257 1372 309 M1x’rAE—1248

1009 437 1149 472 1848

806 531 1031 569 JACOBUS
1059 531 1127 568 DE
1155 531 1358 569 ACOSTA

629 627 862 674 PATRI
910 627 1205 687 JACOBO
1253 627 1536 673 LAINEZ

691 730 945 758 SALMANTICA
975 732 1019 770 31
1054 731 1283 758 DECEMBRIS
1316 720 1414 770 1556
1442 718 1465 758 ¹.

264 829 322 865 De
342 829 475 865 sociis:
497 839 626 864 eorum
646 839 839 872 numerus,
861 828 1154 865 exercitationes
1175 831 1211 864 et
1238 828 1407 864 studium
1435 828 1474 864 in
1494 828 1660 865 fovenda
1686 828 1894 865 virtute.—

319 891 377 927 De
406 891 603 937 proximis:
629 901 745 937 opera
770 891 824 926 eis
853 891 1026 936 impensa
1053 894 1089 926 et
1116 890 1260 926 fructus
1287 890 1375 926 inde
1408 889 1893 936 perceptus—Episcopus

319 952 563 999 civitatisque
598 956 751 999 praetor
785 951 1019 988 Societatem
1052 955 1198 988 amant:
1237 962 1258 987 a
1291 952 1432 988 nostris
1464 952 1593 988 doceri
1627 955 1663 987 et
1697 952 1893 987 admoneri

317 1015 488 1062 cupiunt.

961 1083 968 1090 ’
1010 1074 1151 1171 ]ὴῦε.

332 1220 608 1266 Admodum
634 1220 750 1266 Rde.
779 1219 913 1266 Pater
937 1219 982 1265 in
1011 1219 1208 1266 Christo.
1237 1219 1397 1266 Gratia
1421 1229 1466 1264 et
1496 1235 1586 1281 pax
1617 1217 1694 1264 X.i
1719 1218 1895 1264 domini

267 1294 409 1339 nostri
449 1293 618 1339 viscera
658 1294 944 1356 paternitatis
983 1305 1086 1339 tuae
1127 1293 1300 1340 influat.
1333 1294 1506 1340 Amen.
1539 1292 1897 1356 Duodetriginta

266 1366 426 1420 fratres
444 1367 577 1413 simul
597 1384 700 1413 cum
722 1367 936 1413 Patribus
956 1367 1000 1413 in
1021 1367 1375 1430 praesentiarum
1396 1367 1466 1412 hic
1485 1367 1677 1430 agimus,
1697 1382 1896 1429 quorum

266 1441 565 1504 proprietates
588 1441 873 1504 aliorumque
898 1441 1124 1499 duorum,
1149 1441 1252 1487 hinc
1283 1458 1403 1487 nunc
1434 1440 1714 1498 absentium,
1744 1451 1896 1487 exacte

265 1516 450 1579 quidem
476 1515 571 1561 illas
595 1516 948 1578 perpendentes,
973 1516 1030 1561 ad
1057 1515 1108 1561 P.
1137 1515 1426 1561 Franciscum
1452 1515 1726 1579 conscriptas
1753 1515 1895 1561 missi-

265 1605 381 1646 mus,
410 1606 463 1635 eo
487 1606 591 1635 sane
618 1589 772 1646 modo,
798 1606 891 1652 quo
919 1590 1041 1651 apud
1068 1589 1413 1635 constitutiones
1444 1589 1656 1646 habetur;
1681 1605 1753 1635 eas
1781 1589 1895 1636 scili-

264 1676 333 1709 cet
357 1664 645 1726 attingentes,
672 1680 803 1726 quae,
828 1675 880 1710 vt
904 1663 1007 1726 quis
1030 1664 1298 1709 admittatur
1316 1664 1597 1709 reiiciaturve
1616 1681 1640 1708 a
1659 1663 1894 1722 Societate,

264 1738 490 1800 pertinere
514 1738 744 1794 videntur,
769 1754 903 1783 suum
928 1738 1146 1801 cujusque
1163 1754 1347 1794 nomen,
1366 1749 1411 1783 et
1428 1749 1599 1793 ortum,
1619 1737 1893 1801 reliquaque,

266 1828 381 1873 quae
405 1828 484 1856 sua
507 1811 669 1874 cuique
696 1812 879 1874 propria
903 1812 1174 1868 censuimus,
1199 1811 1483 1858 declarando.
1520 1811 1764 1873 Quocirca,
1788 1828 1894 1857 cum

200 1943 202 1945 ,
266 1885 353 1931 hoc
377 1885 525 1948 ipsum
551 1902 605 1931 eo
629 1902 653 1931 a
677 1885 730 1933 P.
759 1885 796 1930 F
799 1886 995 1932 rancisco
1022 1886 1150 1932 nobis
1177 1887 1443 1932 mandatum
1464 1884 1601 1932 fuisse
1619 1885 1824 1942 arbitrer,
1843 1895 1895 1932 vt

267 1959 324 2005 ad
366 1959 416 2005 P.
461 1959 520 2005 T.
563 1975 644 2021 per
688 1959 845 2005 Patres
885 1960 1030 2005 isthuc
1069 1960 1363 2006 confluxuros
1398 1959 1513 2006 illud
1554 1960 1718 2016 mittat,
1756 1960 1894 2023 idque

267 2032 610 2095 quamprimum
637 2031 733 2078 fore
758 2049 955 2095 sperem,
982 2033 1206 2097 reliquum
1231 2044 1312 2090 est,
1338 2044 1388 2079 vt
1413 2035 1565 2096 paucis
1584 2034 1655 2079 hic
1680 2049 1828 2096 agam,
1843 2049 1895 2080 ea

267 2122 452 2169 prorsus
477 2106 610 2152 missa
633 2106 810 2163 faciens,
836 2123 951 2170 quae
978 2107 1098 2153 illhic
1121 2107 1226 2153 satis
1249 2124 1475 2171 superque
1495 2118 1765 2171 pertractata
1784 2105 1894 2153 fuis—

266 2197 310 2225 se
338 2180 485 2227 vide0.
513 2179 634 2226 Illud
659 2191 812 2226 tamen
843 2197 933 2226 non
969 2180 1239 2243 praeteribo,
1270 2181 1396 2245 quod
1427 2181 1511 2227 hoc
1545 2192 1768 2244 tempore,
1801 2197 1894 2244 quo

266 2255 393 2300 Deus
416 2255 708 2318 omnipotens
732 2271 814 2301 nos
843 2255 978 2301 Patre
1003 2265 1160 2301 nostro
1178 2255 1373 2311 orbauit,
1397 2255 1576 2302 coelesti
1600 2255 1689 2301 iam
1708 2255 1891 2301 tandem

266 2329 393 2376 illum
417 2347 583 2376 corona
607 2330 797 2388 donans,
823 2329 937 2375 hanc
962 2330 1007 2375 in
1033 2346 1115 2375 nos
1139 2330 1272 2376 Pater
1292 2330 1543 2376 misericors
1568 2329 1760 2393 gratiam
1785 2345 1894 2375 con-

265 2403 390 2460 tulit,
416 2403 690 2450 accendendi
722 2403 887 2449 scilicet
919 2404 1094 2450 animos
1120 2416 1298 2450 nostros
1328 2404 1449 2450 votis
1479 2403 1813 2451 ardentioribus
1837 2402 1894 2449 ad

265 2476 444 2540 regulas
463 2488 639 2524 nostras
657 2477 978 2534 obseruandas;
999 2478 1308 2541 maioremque
1328 2479 1519 2541 proinde
1543 2494 1697 2524 curam
1718 2477 1894 2539 impen-

265 2551 417 2597 dimus
447 2567 603 2598 earum
638 2551 897 2609 seruatiorii,
930 2562 1030 2598 tum
1062 2563 1249 2615 propter
1279 2552 1479 2610 solitam,
1511 2569 1626 2615 quae
1648 2551 1704 2597 ‘in
1736 2550 1818 2597 hac
1846 2566 1894 2596 re

320 2731 333 2757 ¹
391 2734 447 2770 Ex
468 2733 711 2780 autographo
733 2733 771 2769 in
790 2734 866 2770 vol.
887 2733 929 2780 F,
951 2734 1094 2780 duplici
1116 2734 1220 2777 folio,
1241 2745 1276 2771 n.
1299 2734 1390 2780 308,
1411 2734 1518 2780 prius
1541 2741 1625 2780 145.
1648 2732 1897 2769 Emendatio-

266 2807 346 2842 nes,
381 2807 476 2843 quas
509 2797 699 2833 Polancus
736 2796 888 2842 adjecit,
914 2800 1046 2842 utpote
1078 2796 1237 2833 minoris
1261 2797 1456 2842 momenti,
1484 2795 1792 2832 transcribendas
1820 2804 1896 2830 non

267 2859 458 2897 duximus,
478 2858 613 2895 Exstat
631 2861 833 2904 praeterea
860 2858 899 2894 in
918 2859 996 2895 vol.
1017 2855 1152 2907 Epist.
1173 2855 1296 2908 Hisp.
1317 2865 1431 2909 1557
1451 2858 1555 2894 aliud
1576 2857 1802 2903 exemplum,
1823 2856 1897 2892 du-

266 2920 356 2966 plici
376 2919 483 2965 folio,
508 2931 544 2956 n.
571 2927 662 2967 145,
687 2920 774 2964 146.
795 2919 990 2955 Invenitur
1010 2919 1124 2955 etiam
1145 2919 1183 2955 in
1195 2920 1272 2957 vol.
1287 2919 1329 2966 F,
1349 2930 1386 2956 n.
1407 2929 1496 2966 309,
1518 2919 1622 2965 prius
1644 2918 1732 2963 246,
1753 2917 1896 2964 duplici

268 2979 374 3026 folio,
398 2981 616 3026 exemplum
639 2980 843 3026 hispanum
863 2980 997 3016 harum
1018 2981 1229 3016 litterarum
1249 2980 1598 3027 quadrimesfflum,
1619 2991 1641 3016 a
1658 2980 1804 3016 Joanne
1823 2978 1897 3015 Lo-

269 3052 338 3088 pez
359 3046 554 3078 exaratum
581 3046 617 3078 et
639 3043 773 3078 eadem
794 3042 855 3078 die
878 3053 925 3090 29
946 3042 1168 3079 Decembris
1189 3043 1332 3089 datum,
1349 3044 1452 3090 quod
1471 3043 1630 3079 Romam
1651 3042 1741 3078 item
1760 3041 1810 3077 ad
1829 3040 1895 3077 Pa-

269 3106 364 3140 trem
384 3104 571 3140 vicarium
595 3104 812 3151 generalem
833 3104 991 3141 missum
1011 3103 1092 3141 fuit.
