2066 3516
785 248 800 274 1
809 248 832 286 7
861 235 1111 275 Noveramus
1143 248 1159 275 1
1167 247 1189 287 5
1195 246 1243 287 55
1729 235 1781 286 87

944 419 1086 454 noaz

747 505 1052 543 BERNARDUS
1080 492 1286 543 Rus‘CHA

455 593 668 640 PATRI
704 593 1051 641 ANDREAE
1087 592 1572 640 GALVANELLO

640 699 854 725 MORBENIO
888 699 935 738 17
964 698 1196 725 NOVEMBRIS
1231 699 1329 737 1555
1362 685 1391 726 ¹.

189 776 292 814 Cum
322 786 430 823 spem
460 777 614 813 Ruscha
640 778 861 825 conceperit
887 778 934 814 de
962 778 1132 814 adventu
1165 777 1366 813 hominum
1398 787 1417 813 e
1450 776 1645 814 Societate
1669 776 1761 813 Jesu
1795 776 1835 813 in

248 839 440 875 Morbenii
462 840 761 886 rempublicam,
783 851 924 887 magno
940 841 1022 888 jam
1049 840 1192 887 gaudio
1223 839 1406 885 afficitur,
1433 843 1593 886 oratque
1622 839 1836 876 Galvanel-

247 902 342 948 lum,
362 906 406 938 ut
434 913 503 948 pro
529 903 610 940 suis
637 904 863 940 concivibus
889 903 1089 950 deprecari
1109 913 1187 939 non
1213 902 1631 940 desistat—Mandata
1659 906 1695 938 et
1715 903 1832 938 obse-

249 965 443 1002 crationes
464 966 689 1006 amicorum.

267 1114 391 1162 Rdo.
443 1115 589 1161 Padre
636 1131 717 1178 per
757 1114 899 1160 Giesci
950 1114 1137 1160 Christo
1182 1130 1364 1176 sempre
1409 1113 1832 1161 osseruandissimO.

191 1189 387 1250 Quanta
410 1189 474 1235 sia
497 1200 612 1235 stata
637 1189 678 1235 la
703 1188 843 1235 letitia
873 1199 919 1234 et
951 1188 1176 1253 allegreza
1208 1188 1464 1251 spirituale,
1489 1188 1596 1252 qual
1622 1188 1836 1235 habiamo

197 1263 337 1309 hauta
362 1263 407 1310 di
434 1264 475 1309 13
495 1264 755 1326 receptione
787 1275 832 1309 et
865 1274 1037 1310 uenuta
1067 1263 1115 1310 di
1151 1263 1300 1327 questi
1333 1263 1475 1309 nostri
1500 1275 1545 1309 et
1570 1263 1715 1309 uostri
1741 1261 1835 1309 fra-

195 1337 312 1396 teni,
337 1355 430 1384 non
453 1337 495 1383 13
519 1338 750 1401 potriamo
783 1338 1027 1402 explicare,
1051 1349 1097 1385 et
1130 1338 1329 1384 maxime
1359 1338 1574 1384 hauendo
1604 1338 1751 1383 inteso
1774 1337 1836 1384 dil

197 1411 321 1458 bono
361 1411 538 1470 animo,
569 1412 675 1476 qual
711 1429 767 1458 ne
799 1410 910 1458 fano
942 1412 987 1458 in
1017 1412 1141 1459 darei
1175 1428 1398 1476 speranza
1429 1412 1476 1458 di
1503 1423 1636 1475 poter
1669 1412 1837 1458 hauere

190 1496 376 1549 quatro,
408 1503 550 1532 ouero
580 1486 759 1550 cinque,
791 1487 836 1534 di
869 1487 909 1532 la
934 1499 1091 1533 uostra
1126 1487 1432 1550 Compagnia,
1463 1504 1594 1533 come
1620 1486 1734 1533 saria
1758 1487 1838 1533 doi

191 1560 440 1617 sacerdoti,
466 1561 543 1607 doi
570 1561 773 1618 maestri‚
805 1572 850 1607 et
882 1567 976 1607 un'o
1006 1561 1123 1608 altro
1146 1563 1229 1608 che
1254 1562 1282 1608 li
1307 1562 1516 1619 seruisse;
1544 1579 1617 1608 ma
1640 1562 1686 1608 in
1711 1577 1838 1618 uero,

191 1635 395 1681 secon'do
418 1635 650 1698 'potriamo
674 1635 1078 1698 comprehendere,
1098 1637 1317 1700 pensiano
1335 1648 1461 1683 certo
1480 1635 1564 1683 che
1584 1636 1710 1681 siano
1733 1636 1838 1682 stati

194 1711 363 1756 menati
396 1710 471 1756 uia
500 1710 547 1755 in
579 1710 746 1757 Roma.
782 1710 872 1757 Ma
903 1727 1034 1757 come
1067 1711 1108 1758 la
1137 1712 1202 1759 sia
1234 1723 1350 1758 stata
1381 1712 1422 1758 la
1454 1728 1559 1758 cosa
1582 1711 1772 1775 agitata,
1797 1711 1839 1758 la

195 1783 437 1830 lassaremo
475 1784 573 1830 nele
608 1801 739 1831 mane
780 1785 843 1832 dil
881 1785 1085 1849 Signore.
1131 1786 1218 1832 Ma
1260 1786 1374 1832 bene
1406 1785 1610 1833 uoliamo
1647 1801 1838 1849 pregare

196 1859 237 1905 la
266 1860 324 1907 R.
356 1860 432 1917 V.,
462 1860 545 1906 che
580 1877 672 1906 non
706 1861 827 1907 uolia
856 1878 1026 1907 cessare
1050 1862 1094 1908 di
1128 1877 1319 1925 pregare
1350 1861 1379 1906 il
1414 1873 1572 1907 uostro
1605 1860 1839 1923 superiore

184 1950 281 1980 con
305 1950 385 1980 sue
409 1933 582 1992 lettere,
608 1935 691 1980 che
714 1935 752 1981 ci
778 1934 901 1981 uolia
923 1935 1101 1981 hormai
1127 1935 1328 1999 dignarsi
1363 1935 1409 1982 di
1439 1934 1708 1991 exaudime,
1735 1950 1838 1997 per-

189 2008 295 2066 che,
321 2009 447 2073 dipoi
474 2008 515 2054 13
539 2022 694 2054 uostra
727 2009 915 2072 partita,
947 2010 998 2055 ce
1030 2010 1199 2056 intrato
1226 2010 1325 2056 nela
1359 2021 1515 2055 nostra
1545 2020 1663 2055 terra
1689 2008 1717 2054 li
1742 2007 1838 2072 lupi

194 2081 296 2127 dela
319 2081 504 2139 heresia,
529 2082 591 2129 dil
616 2082 714 2139 che,
740 2082 879 2128 charo
908 2082 1072 2140 Padre,
1098 2081 1210 2129 fatte
1230 2083 1443 2129 instantia
1462 2082 1634 2147 grande
1658 2081 1698 2128 al
1717 2082 1837 2129 ditto

195 2167 355 2202 uostro
379 2155 636 2219 superiore,
670 2156 753 2202 che
786 2173 842 2202 ne
874 2156 995 2203 uolia
1028 2157 1205 2204 hormai
1230 2158 1495 2216 exaudime,
1521 2156 1673 2203 auanti
1699 2157 1782 2203 che
1806 2155 1835 2203 il

197 2230 314 2276 male
339 2231 445 2276 uadi
471 2230 551 2294 piu
586 2231 762 2287 auanti,
795 2243 841 2276 et
875 2247 966 2277 non
998 2231 1254 2278 cerchiamo
1285 2233 1342 2280 de
1373 2231 1582 2278 edificare
1614 2232 1713 2278 dele
1738 2247 1837 2277 case

193 2321 337 2362 noue,
361 2317 407 2351 et
430 2306 507 2368 poi
534 2305 695 2351 lassare
717 2305 960 2352 chaschare
993 2305 1143 2370 quelle
1166 2307 1249 2356 che
1279 2324 1394 2353 sono
1425 2305 1550 2353 fatte.
1578 2306 1690 2352 Non
1716 2322 1766 2351 so
1790 2321 1836 2351 se

196 2379 237 2433 la
259 2380 495 2426 comunita
519 2380 566 2426 di
591 2397 716 2426 nouo
740 2381 887 2426 scriua
911 2380 950 2426 31
976 2393 1137 2427 uostro
1160 2383 1416 2444 superiore;
1441 2398 1516 2427 ma
1539 2397 1590 2426 so
1615 2381 1703 2426 ben
1732 2396 1835 2426 cer-

193 2465 267 2510 to,
293 2454 459 2516 perche
485 2455 528 2501 io
553 2454 615 2500 ho
640 2455 817 2518 parlato
846 2472 934 2502 con
962 2455 1163 2519 aiquanti
1194 2456 1239 2503 di
1276 2455 1316 2501 la
1350 2466 1505 2502 nostra
1528 2455 1766 2501 comunita
1790 2464 1835 2501 et

190 2528 282 2574 deli
302 2529 454 2592 primi,
472 2530 554 2576 che
573 2546 660 2576 con
680 2530 854 2593 grande
872 2530 1098 2577 desiderio
1116 2542 1362 2594 expetteno
1381 2541 1541 2595 questa
1556 2530 1677 2577 bona
1697 2546 1847 2587 noua,-

189 2602 240 2647 di
266 2614 400 2664 poter
423 2603 593 2666 godere
617 2615 665 2650 et
688 2602 830 2650 fruire
855 2604 1001 2668 questi
1029 2605 1171 2651 uostri
1203 2605 1428 2652 sacerdoti
1458 2617 1504 2652 et
1534 2604 1739 2662 maestri‚
1765 2603 1836 2651 fra

193 2675 316 2744 quali
341 2686 525 2722 tenemo
550 2693 632 2740 per
655 2690 780 2723 certo
804 2677 889 2724 che
914 2677 953 2723 la
981 2678 1038 2724 R.
1068 2678 1125 2725 V.
1153 2679 1286 2725 debia
1316 2696 1460 2726 essere
1485 2695 1581 2725 uno
1607 2679 1652 2726 di
1678 2677 1835 2743 quelli.

189 2749 406 2812 Sapiamo
430 2761 554 2796 certo
577 2750 660 2797 che
685 2767 741 2797 ne
766 2752 916 2798 haueti
942 2752 981 2798 al
1000 2769 1119 2810 core,
1144 2763 1190 2799 et
1207 2753 1291 2799 che
1313 2770 1405 2800 non
1424 2770 1480 2799 ne
1500 2750 1854 2809 ‘abandonaretig

188 2822 240 2868 in
265 2823 412 2886 questi
437 2835 591 2871 nostre
615 2825 836 2888 trauaglie
856 2824 888 2873 ².

215 2995 220 3004 ,
248 2965 262 2992 ¹
321 2968 378 3005 Ex
397 2970 638 3017 autographo
659 2971 698 3007 in
717 2972 793 3008 vol.
815 2971 857 3017 F,
879 2982 920 3011 n.
940 2980 1003 3019 53,
1025 2971 1131 3018 prius
1154 2980 1242 3020 255.

202 3063 206 3067 .
249 3027 266 3054 ²
321 3031 418 3068 Cum
437 3033 700 3078 superioribus
717 3034 828 3070 annis
847 3034 1038 3070 Morbenii
1060 3035 1311 3072 Galvanellus
1332 3035 1593 3082 substitisset,
1617 3035 1836 3076 animorum,

191 3095 474 3130 servandorum
494 3095 623 3145 studio
650 3107 695 3133 ac
726 3097 827 3133 vitae
849 3096 1119 3144 integerrimae
1151 3098 1329 3144 exemplo
1350 3098 1493 3136 civium
1519 3098 1736 3138 voluntates
1756 3097 1832 3133 sibi
