2066 3516
791 269 814 306 3
845 253 1036 307 JANUARn
1068 255 1169 308 1556
1676 267 1750 307 155

161 379 240 425 per
265 361 418 426 quello
448 361 508 407 ha
536 361 681 424 patito
712 361 1067 418 infinitamente3
1097 379 1172 408 ma
1203 362 1339 409 Iddio
1375 373 1534 408 nostro
1565 361 1724 425 signor
1755 361 1802 408 di

160 447 284 483 tutto
309 436 336 481 l’
362 436 420 497 ha
446 434 562 482 fatto
587 435 848 494 uittorioso,
875 448 920 483 et
951 437 975 483 ἐ
1001 437 1264 483 conosciuta
1297 437 1456 483 adesso
1482 435 1629 482 molto
1655 435 1736 500 pisi
1762 436 1804 482 la

158 528 239 557 sua
262 511 405 558 bonta
429 522 475 557 et
500 511 736 575 religione,
761 512 843 558 che
870 529 962 557 non
989 529 1064 557 era
1088 511 1273 558 allhora.
1302 511 1366 558 Di
1391 511 1596 558 dottrina
1620 511 1666 557 in
1691 511 1800 575 ogni

159 584 328 632 faculta
359 602 451 631 non
482 586 526 631 n'
558 586 582 632 ἐ
624 603 686 632 un
718 586 799 649 pisi
833 585 966 632 dotto
1001 586 1073 631 nel
1104 603 1248 649 regno
1285 586 1330 632 di
1363 586 1576 642 Francia3
1609 598 1654 631 et
1684 585 1802 632 della

156 670 282 706 corte
306 659 379 706 del
405 677 474 717 re,
498 672 544 706 et
569 659 644 706 dal
670 677 716 706 re
742 660 1020 717 medesimo,
1044 672 1090 706 et
1113 659 1187 707 dal
1218 676 1332 723 gran
1364 660 1672 722 parlamento,
1704 660 1799 706 cosi

156 734 180 779 ἐ
205 745 381 780 tenuto.
409 733 462 780 Io
487 751 580 780 non
604 735 666 780 ho
691 745 876 780 trouato
901 751 963 780 un
989 734 1166 780 huomo
1186 734 1268 796 pisi
1288 751 1451 797 capace
1477 734 1522 779 d’
1548 734 1658 797 ogni
1685 734 1801 780 bene

153 808 237 854 che
261 807 344 855 lui:
372 808 434 854 mi
460 808 519 854 ha
543 807 743 854 fauorito
769 808 878 854 assai
904 825 985 871 per
1007 808 1051 854 la
1074 808 1290 872 giustitia,
1315 825 1446 854 come
1473 826 1536 854 un
1563 809 1727 871 giorno
1753 809 1798 854 ui

154 884 440 930 raccontaro:
466 883 500 928 si
527 894 656 944 parte
681 899 761 945 per
783 882 827 928 la
848 896 972 929 corte
1002 882 1075 929 del
1104 899 1167 929 re.
1208 882 1267 927 Vi
1301 899 1447 946 prego
1478 900 1560 946 per
1593 900 1723 929 amor
1753 884 1797 930 di

154 956 251 1002 Dio
282 957 383 1003 dica
414 958 474 1004 V.
508 957 569 1004 R.
614 975 639 1003 a
679 974 761 1003 sua
794 958 1039 1020 paternita,
1071 958 1157 1003 che
1188 957 1301 1003 nelle
1330 958 1526 1004 orationi
1558 975 1638 1003 sue
1673 970 1718 1004 et
1753 959 1797 1005 di

155 1042 274 1077 tutta
299 1030 339 1077 la
363 1031 654 1095 Compagnia
679 1032 845 1078 habbia
868 1049 950 1095 per
973 1032 1379 1078 raccommandato
1406 1033 1727 1095 monsignore,
1754 1033 1799 1078 lo

152 1105 303 1167 primo
334 1106 614 1168 presidente,
644 1106 867 1169 Dupeda,
899 1118 945 1152 et
976 1117 1096 1152 tutta
1127 1123 1209 1152 sua
1243 1124 1364 1164 casa,
1405 1108 1572 1170 perche
1611 1125 1661 1153 so
1698 1107 1798 1164 che,

153 1179 364 1225 uenendo
394 1180 628 1226 occasione
659 1179 842 1238 alcuna,
873 1197 1053 1243 sempre
1083 1181 1116 1226 si
1151 1183 1410 1227 monstrata
1446 1182 1719 1227 amicissimo
1753 1194 1799 1228 et

151 1251 416 1299 fauoreuole
444 1253 561 1299 della
591 1253 896 1317 Compagnia,
930 1254 1098 1317 perche
1131 1254 1192 1301 lui
1226 1255 1250 1300 ἐ
1283 1255 1447 1318 padre,
1476 1257 1718 1318 protettor'
1754 1268 1799 1302 et

150 1326 377 1373 defensor'
402 1328 460 1373 de
484 1339 602 1373 tutte
631 1327 671 1373 le
698 1327 932 1391 religioni,
963 1329 1278 1375 inimicissimo
1309 1329 1354 1375 d'
1386 1330 1496 1393 ogni
1530 1330 1720 1393 impieta
1753 1343 1799 1376 et

152 1402 340 1449 heresia:
367 1418 423 1447 ue
447 1401 491 1447 lo
523 1403 841 1449 raccomando.
867 1403 979 1449 Non
1012 1403 1148 1461 altro,
1174 1404 1406 1450 senonche
1442 1404 1580 1451 Iddio
1612 1405 1651 1451 ci
1686 1405 1794 1452 doni

154 1477 193 1521 la
217 1493 297 1521 sua
323 1476 577 1522 santissima
600 1477 746 1540 gratia
772 1489 818 1523 et
840 1478 878 1523 ci
903 1479 1112 1524 conserui
1137 1479 1184 1525 in
1209 1479 1376 1543 quella.

215 1549 274 1596 Vi
310 1550 334 1595 ὲ
366 1567 428 1596 un
462 1551 702 1614 pacchetto
736 1552 792 1598 de
823 1552 982 1598 lettere
1013 1552 1118 1599 dell'
1150 1553 1454 1599 osset-nantini
1487 1554 1532 1599 d'
1564 1553 1680 1612 Aix,
1711 1553 1797 1599 che

150 1641 305 1670 uanno
329 1624 368 1670 al
395 1625 680 1688 procurator’
706 1626 889 1689 general
914 1627 958 1672 d’
987 1627 1181 1674 Araceli.
1218 1627 1371 1690 Prego
1403 1627 1464 1675 V.
1500 1628 1559 1674 R.
1588 1628 1622 1673 si
1655 1627 1794 1691 degni

149 1698 344 1762 darglilo
369 1698 484 1744 nelle
507 1716 587 1745 sue
615 1701 759 1757 mani3
785 1711 831 1746 et
853 1700 889 1746 si
914 1701 973 1747 V.
1001 1701 1064 1748 R.
1090 1701 1152 1747 mi
1172 1701 1389 1747 scriuesse
1414 1701 1459 1746 in
1479 1713 1638 1765 queste
1658 1701 1796 1764 parti,

149 1773 211 1819 mi
237 1773 387 1819 scriua
410 1773 672 1837 qualmente
697 1774 726 1820 il
751 1776 1035 1838 procurator’
1058 1777 1084 1821 l'
1110 1776 1169 1822 ha
1187 1776 1405 1823 riceuute.
1427 1775 1482 1822 Ci
1502 1793 1617 1822 sono
1638 1776 1796 1822 lettere

148 1848 194 1894 di
221 1847 379 1894 Giulio
404 1864 485 1910 ρει·
509 1865 590 1894 sua
615 1849 772 1896 madre
797 1860 843 1895 et
867 1849 1052 1898 fratelli:
1080 1850 1119 1896 le
1144 1850 1354 1908 uedrete,
1385 1863 1430 1896 et
1454 1851 1654 1908 darrete,
1686 1851 1723 1897 si
1749 1851 1794 1897 ui

148 1923 321 1984 paret-a.
350 1922 413 1967 D'
440 1922 693 1986 Auignone
719 1923 791 1970 alli
819 1938 847 1984 3
880 1924 925 1971 di
950 1924 1168 1971 Gennaro
1209 1925 1344 1987 1556.
1378 1925 1452 1970 De
1483 1925 1542 1971 V.
1573 1925 1633 1972 R.
1660 1941 1795 1972 seruo

147 1996 193 2042 in
219 1995 303 2043 X.⁰

1317 2064 1524 2112 ΡοΝΤιο.

213 2145 321 2206 Qua
346 2145 432 2192 ben
458 2145 496 2192 ci
521 2147 546 2192 ἐ
570 2156 688 2192 stato
714 2146 910 2210 bisogno
935 2146 1019 2192 che
1045 2147 1188 2193 siamo
1213 2147 1314 2193 stati
1342 2147 1572 2210 prattichi,
1598 2147 1787 2211 perche,

145 2219 262 2266 oltra
287 2220 327 2265 la
349 2220 523 2267 charita
547 2221 630 2268 che
667 2222 961 2285 monsignore
991 2222 1131 2268 Rmo.
1167 2222 1430 2284 vecelegato
1459 2222 1471 2246 ¹
1503 2224 1541 2267 ci
1574 2223 1632 2267 ha
1657 2220 1790 2280 fatto,

147 2292 395 2340 habbiamo
421 2311 551 2357 speso
576 2295 657 2358 pisi
682 2295 728 2341 di
762 2309 851 2357 150
875 2295 1024 2352 scudi,
1050 2307 1096 2341 et
1121 2295 1248 2358 quasi
1277 2310 1385 2354 200,
1413 2295 1515 2341 nell'
1542 2294 1788 2342 infermita.

149 2367 255 2412 Vna
278 2384 475 2430 persona
497 2369 543 2414 in
563 2380 726 2432 questo
744 2385 876 2432 paese
901 2369 1018 2415 nella
1043 2369 1225 2415 malatia
1245 2370 1306 2416 mi
1327 2370 1461 2417 diede
1484 2370 1595 2416 assai
1615 2370 1790 2427 danari,

146 2441 230 2487 che
255 2442 525 2489 alti-amente
549 2443 577 2488 l'
603 2444 728 2490 haria
753 2444 842 2490 mal
866 2443 1000 2502 satta,
1033 2458 1078 2491 et
1110 2444 1139 2490 il
1165 2445 1428 2508 vecelegato
1459 2457 1504 2491 et
1536 2445 1565 2491 il
1589 2446 1789 2492 cardinal

148 2516 346 2562 Tornon
368 2515 385 2541 2
408 2528 454 2563 et
476 2517 588 2564 altre
611 2535 826 2581 persone,
857 2531 903 2565 et
933 2535 958 2565 a
988 2531 1152 2583 questo
1177 2520 1318 2566 modo
1352 2521 1389 2566 ci
1421 2537 1549 2566 semo
1580 2520 1787 2582 prouisti.

202 2685 214 2711 ¹
268 2689 439 2725 Jacobus
458 2690 583 2726 Maria
604 2689 709 2735 Sala,
731 2691 968 2727 vivaniensis
996 2692 1214 2738 episcopus,
1240 2693 1465 2739 prolegatus
1495 2692 1786 2732 avenionensis.

144 2751 354 2797 POLANCO,
376 2757 401 2789 t.
422 2761 465 2798 V,
486 2763 574 2799 pag.
595 2762 688 2801 351,
715 2764 752 2791 n.
774 2764 864 2800 947,
892 2759 1022 2792 annot.
1050 2765 1086 2801 3.
1113 2754 1232 2791 Porro
1260 2756 1410 2802 legatus
1438 2756 1714 2791 avenionensis
1740 2756 1788 2792 ab

145 2823 246 2849 anno
275 2823 372 2861 1541
405 2819 488 2851 erat
512 2815 735 2851 Alexander
761 2815 981 2862 Farnesius,
1011 2817 1231 2864 cardinalis,
1263 2823 1300 2853 ct
1331 2818 1504 2854 antistes:
1534 2818 1627 2853 Sala
1660 2821 1788 2854 autem

144 2876 329 2912 diocesim
363 2878 676 2914 «administravit
707 2879 757 2914 ab
789 2890 850 2916 an.
882 2888 984 2926 1554
1012 2881 1063 2915 ad
1098 2881 1238 2928 1560».
1270 2880 1785 2928 SAMMARTHANI—P10L1N‚

149 2935 294 2976 Gallia
313 2936 564 2986 christiana,
587 2946 612 2977 t.
633 2949 660 2987 1,
682 2941 757 2979 col.
778 2942 868 2988 843,
891 2943 981 2990 845.

197 2996 214 3022 ²
267 3000 297 3037 F
300 3002 496 3038 ranciseus
517 3003 564 3038 de
583 3002 777 3049 Tournon,
799 3004 1020 3050 cardinalis,
1035 3009 1072 3040 et
1088 3005 1402 3052 archiepiscopus
1418 3005 1684 3051 lugdunensis.
1702 3005 1788 3040 Po-

146 3070 295 3110 LANCO,
316 3069 343 3102 1.
363 3073 405 3111 v,
427 3076 514 3112 pag.
535 3076 626 3112 333,
647 3076 682 3102 n.
706 3066 796 3113 893.
817 3066 874 3103 De
892 3077 937 3103 eo
951 3067 1035 3104 viro
1051 3069 1171 3104 multa
1187 3069 1226 3104 in
1246 3065 1392 3106 Gallia
1408 3065 1660 3112 christiana,
1679 3071 1705 3104 t.
1723 3075 1784 3116 1v,

147 3125 219 3162 col.
245 3126 428 3174 183·185.
