2008 3510
798 255 822 292 9
851 241 1039 293 JANUARn
1071 242 1173 292 1546
1668 244 1744 294 639

167 345 317 410 potria
354 346 628 404 redondare,
668 345 772 403 che,
804 357 950 403 certo,
984 346 1070 392 hor
1110 346 1370 393 mandando
1404 347 1551 409 quella
1580 364 1670 411 qua
1703 365 1798 395 uno

167 420 501 478 conditionate,
526 437 617 466 non
649 421 827 483 passera
861 437 955 466 uno
988 415 1109 466 anno
1142 420 1224 465 che
1259 419 1505 466 haueremo
1539 422 1796 483 parechiato

169 495 208 541 el
233 494 407 558 luogho
431 511 456 539 a
479 506 547 540 tre
580 511 608 540 o
633 505 797 556 quatro
827 494 1086 557 compagni.
1121 494 1294 540 Pet-che
1326 506 1453 540 tanto
1484 495 1508 540 e
1540 495 1567 540 il
1603 513 1796 543 nurnero

167 569 271 616 delli
296 568 451 615 deuoti
475 559 593 614 della
623 561 914 632 Compagnia
943 580 988 615 et
1018 568 1046 614 il
1078 568 1301 615 desiderio
1333 569 1504 631 grande
1536 569 1581 615 di
1616 571 1794 616 uederle

167 659 258 706 qua
281 641 470 705 qualche
500 639 826 698 fundamento,
850 642 932 688 che
962 641 1003 687 la
1032 659 1134 688 cosa
1164 659 1254 688 non
1282 643 1447 704 puotra
1472 659 1646 704 passare
1671 643 1789 690 altri-

167 716 324 763 menti.
349 714 479 761 Delle
503 715 788 762 commodita
810 716 893 761 che
917 733 1008 779 qua
1030 732 1076 761 se
1100 715 1343 772 hauerano,
1365 731 1445 778 per
1463 716 1552 761 due
1575 716 1660 761 mie
1685 716 1712 761 l’
1731 717 1794 762 ho

167 807 192 835 a
215 789 350 852 pieno
374 788 558 835 auisato.
590 788 644 835 Io
669 806 760 834 non
786 789 824 835 le
858 789 960 835 diro
990 789 1125 846 altro,
1157 788 1284 834 saluo
1313 789 1397 835 che
1430 806 1509 852 per
1541 806 1695 836 amore
1719 791 1789 837 del

164 861 353 925 Signore
383 861 424 907 la
454 878 598 924 prego
630 878 701 907 me
730 861 870 926 uoglij
898 861 943 907 in
974 873 1136 926 questo
1168 860 1387 908 sodisfare
1420 875 1465 908 et
1490 874 1640 925 presto
1665 863 1792 909 risol—

166 936 325 982 uermi.
355 935 419 982 Et
448 946 576 981 tanto
607 936 709 998 piu,
740 936 908 998 perche
933 935 994 982 ho
1017 946 1136 982 certe
1160 952 1350 998 persone
1376 953 1457 998 per
1482 937 1521 982 le
1550 938 1687 995 mani,
1710 938 1795 983 che

164 1028 248 1057 son
273 1010 427 1057 venuti
453 1028 478 1055 a
501 1009 596 1056 fare
620 1010 648 1056 li
672 1010 860 1075 esercitij
875 1048 888 1068 ‚
912 1022 957 1056 et
982 1010 1009 1056 li
1047 1010 1106 1056 ho
1129 1010 1394 1056 intratenuti
1427 1010 1512 1057 sin’
1530 1011 1662 1068 hora,
1686 1028 1791 1074 spe-

165 1085 309 1131 rando
339 1085 585 1131 douessero
614 1100 758 1130 essere
788 1084 1018 1131 esercitate
1050 1085 1109 1130 da
1141 1084 1293 1148 quello
1333 1101 1547 1142 venesse,
1579 1102 1659 1148 per
1700 1103 1792 1132 non

164 1158 331 1204 hauere
355 1158 399 1204 io
424 1158 511 1203 mai
535 1158 768 1204 esercitato
792 1157 1002 1215 alchuno,
1023 1158 1218 1204 maxime
1236 1158 1279 1204 in
1301 1158 1449 1222 quelle
1469 1160 1654 1206 materie
1677 1160 1794 1207 delle

163 1231 380 1279 elettioni.
408 1232 473 1278 Et
501 1232 665 1295 perche
696 1232 756 1278 da
785 1244 942 1295 queste
965 1249 1155 1295 persone
1188 1249 1320 1295 spero
1354 1249 1468 1296 gran
1498 1232 1672 1291 frutto‚
1699 1252 1791 1280 non

164 1308 226 1354 ho
251 1308 409 1354 voluto
436 1318 625 1354 mettere
648 1307 687 1353 le
712 1307 832 1353 mani
858 1307 901 1353 in
933 1324 1034 1353 cose
1066 1307 1163 1354 chel
1197 1325 1288 1354 non
1321 1325 1392 1354 me
1426 1307 1538 1354 basti
1574 1308 1603 1354 l’
1622 1309 1790 1368 animo,

165 1382 362 1428 maxime
388 1382 599 1428 hauendo
624 1381 798 1428 hauuto
823 1381 851 1426 l’
870 1381 1121 1427 intentione
1156 1382 1216 1428 ho
1247 1382 1418 1428 hauuta
1451 1382 1534 1428 che
1558 1399 1651 1428 uno
1676 1383 1791 1430 della

165 1455 454 1518 Compagnia
479 1455 664 1501 hauesse
687 1456 744 1501 da
768 1455 946 1511 uenire,
971 1454 1054 1501 che
1078 1453 1197 1502 fosse
1227 1455 1271 1501 in
1306 1467 1425 1501 tutte
1460 1455 1499 1501 le
1521 1473 1621 1502 cose
1646 1456 1692 1503 di
1719 1473 1791 1503 me

163 1530 244 1593 piu
274 1528 558 1586 sufficienza,
588 1529 755 1592 perche
789 1529 834 1575 in
869 1545 940 1575 me
981 1529 1006 1575 ἐ
1047 1540 1176 1575 tanto
1217 1546 1387 1593 puoca,
1427 1530 1510 1575 che
1550 1531 1658 1593 ogni
1698 1547 1790 1576 uno

163 1606 225 1651 m'
246 1621 436 1653 auanza.

155 1670 164 1672 s
230 1679 295 1725 Et
319 1677 388 1725 fra
413 1678 440 1725 li
465 1677 563 1724 altri
589 1678 633 1724 ui
659 1678 683 1723 ὲ
708 1677 736 1723 il
762 1677 994 1740 preposito
1018 1678 1075 1724 de
1108 1677 1256 1735 Forli,
1286 1677 1419 1741 quale
1449 1679 1473 1724 ἐ
1504 1678 1720 1741 giouane,
1746 1689 1793 1724 et

163 1754 221 1799 ha
244 1752 433 1817 qualche
464 1752 696 1815 prencipio
726 1752 771 1798 di
797 1751 975 1808 lettere,
1002 1751 1075 1798 del
1106 1768 1247 1815 corpo
1278 1768 1572 1814 prosperoso,
1598 1752 1789 1808 humile,

163 1828 208 1874 di
241 1839 402 1874 natura
430 1826 791 1890 dispositissima,
832 1826 964 1890 quale
993 1826 1110 1872 tiene
1140 1826 1442 1889 grandissimo
1482 1826 1706 1872 desiderio
1743 1827 1789 1872 di

164 1899 258 1947 fare
282 1900 427 1964 questi
452 1900 565 1945 santi
595 1899 807 1963 esercitij,
838 1912 883 1945 et
911 1911 980 1945 sta
1010 1899 1119 1945 assai
1151 1899 1265 1945 bene
1293 1900 1338 1945 di
1373 1898 1540 1946 faculta
1572 1900 1789 1962 patrimo-

165 1975 298 2031 niale,
324 1986 369 2021 et
392 1974 450 2020 ha
475 1973 676 2038 beneficij
706 1990 786 2037 per
813 1988 905 2019 200
929 1979 985 2024 V
1008 1974 1053 2020 d'
1074 1974 1272 2030 intr-ada,
1298 1974 1430 2037 quale
1453 1992 1578 2031 cose,
1604 1975 1790 2038 quando

163 2050 198 2096 si
223 2050 503 2112 disponesse‚
538 2065 667 2094 come
701 2064 842 2110 penso
873 2048 906 2093 si
931 2047 1162 2110 disporra,
1188 2047 1363 2093 seriano
1389 2065 1468 2110 per
1491 2049 1599 2094 dare
1623 2046 1787 2093 fonda-

164 2136 320 2170 mento
366 2123 436 2169 alli
484 2122 624 2168 nostri
670 2121 881 2181 dissegni.
923 2120 987 2167 Et
1031 2138 1161 2167 come
1207 2121 1250 2167 io
1296 2121 1444 2167 hebbe
1487 2121 1515 2166 l’
1540 2122 1790 2167 intentione

162 2198 244 2244 che
267 2198 307 2245 S.
339 2198 400 2245 R.
426 2196 658 2244 manderia
681 2213 771 2260 qua
795 2213 910 2252 uno,
935 2208 1062 2241 staua
1087 2213 1166 2258 per
1190 2212 1357 2241 serarse
1391 2208 1436 2242 et
1460 2194 1554 2241 fare
1578 2195 1606 2241 1ἰ
1632 2195 1789 2241 eserci-

164 2272 231 2334 tij‚
253 2283 298 2317 et
320 2271 364 2317 io
388 2271 436 2317 di
461 2269 612 2317 subito
638 2270 664 2315 l’
685 2270 909 2316 intratene
933 2285 958 2314 a
981 2281 1141 2331 questo
1171 2268 1283 2327 fine,
1307 2269 1390 2315 che
1414 2268 1564 2332 quello
1589 2285 1786 2326 venesse,

163 2344 408 2392 tenendolo
432 2345 512 2408 piu
536 2343 781 2390 sofficiente
804 2354 850 2389 et
873 2354 1053 2405 esperto
1086 2342 1132 2388 di
1160 2358 1252 2399 me,
1285 2343 1313 2388 l‘
1335 2343 1518 2388 hauesse
1548 2342 1605 2388 da
1628 2342 1788 2387 eserci-

163 2431 277 2475 tare,
303 2431 348 2464 et
382 2419 480 2464 cosi
513 2417 669 2481 uoglio
697 2428 919 2480 espettare
949 2416 1095 2461 insino
1125 2416 1208 2462 che
1237 2416 1388 2480 quella
1419 2433 1490 2461 me
1521 2416 1695 2461 risolua.
1724 2416 1791 2462 Et

163 2493 257 2539 cosi
284 2492 424 2538 faccio
455 2492 563 2548 fine,
596 2490 1067 2538 raccomandandome
1097 2490 1180 2536 alle
1209 2507 1288 2536 sue
1318 2490 1474 2536 diuote
1498 2489 1691 2535 orationi
1720 2490 1783 2534 in-

163 2567 300 2612 sieme
324 2583 410 2612 con
436 2576 553 2611 tutte
577 2576 732 2628 queste
757 2580 947 2627 persone
971 2563 1151 2611 deuote.
1186 2564 1262 2609 Da
1291 2563 1498 2626 Bologna
1527 2563 1555 2608 il
1588 2579 1711 2608 nono
1740 2563 1783 2608 di

123 2699 125 2701 Ι
165 2640 343 2687 Genaio
370 2655 423 2686 M.
452 2655 496 2686 D.
523 2655 654 2697 xth.
682 2638 742 2683 Di
770 2638 827 2684 V.
859 2638 919 2684 R.
949 2637 1019 2682 nel
1045 2638 1234 2701 Signore
1259 2637 1446 2701 figliolo,

898 2730 1013 2775 Don
1053 2729 1346 2776 FRANCEsco
1381 2730 1591 2776 PALM10.

228 2841 479 2902 Inscriptio:
506 2838 567 2884 Al
592 2838 719 2885 Rdo.
747 2838 816 2884 nei
842 2839 1032 2902 Signore
1056 2850 1224 2896 nostro,
1254 2839 1401 2886 Padre
1424 2839 1497 2884 M.
1526 2838 1706 2901 ignatio
1731 2838 1788 2884 de

166 2913 363 2976 Loyola,
398 2912 539 2959 Padre
563 2928 645 2957 suo
670 2911 1083 2958 osseruandissimo.
1112 2911 1167 2958 In
1193 2913 1367 2969 Roma,
1391 2911 1474 2957 alla
1499 2910 1789 2974 Compagnia

165 2987 237 3035 del
262 2987 419 3044 Giesu‚
444 3002 657 3050 appresso
681 3002 758 3032 san
784 2985 962 3031 Marco.
