2040 3528
307 272 357 324 38
774 272 1011 312 EPISTOLAE
1038 272 1371 326 M1xTAE—1o5o

252 381 520 444 imsinamea
545 390 728 441 muytas
751 378 831 425 das
856 395 1033 441 pesoas,
1057 395 1148 443 que
1179 391 1382 426 estauam
1408 397 1483 427 em
1507 380 1667 428 estado
1691 381 1749 428 de
1774 398 1902 429 corn-

253 457 495 516 denaoam,
517 453 667 500 foram
692 454 1003 500 comuertidas
1027 471 1080 500 aa
1104 471 1215 500 nosa
1239 466 1385 501 samta
1409 455 1511 514 ffee,
1532 458 1903 519 permaneqendo

255 550 315 579 no
332 530 603 578 verdadeiro
617 529 988 590 conheeimemto
1003 530 1063 576 da
1078 529 1293 587 vet-dade,
1307 532 1534 594 segumdo
1549 543 1758 578 comstou
1777 532 1905 596 pelos

255 607 399 653 sinaes
418 606 475 652 de
493 621 575 650 sua
591 621 893 651 comuersam.
909 604 953 651 E
968 604 1317 651 comtinuamdo
1336 616 1452 652 estes
1472 605 1645 653 Padres
1663 624 1742 653 seu
1757 618 1906 654 samto
1930 600 1940 607 ’

257 681 373 737 zelo,
399 680 581 743 despois
613 696 702 744 que
733 679 833 743 pela
866 679 1098 726 bomdade
1131 681 1188 727 de
1217 680 1345 727 Deos
1375 681 1570 728 residem
1598 694 1723 729 neste
1748 699 1906 746 reyno,

258 768 352 802 tem
385 753 513 817 feyto
546 766 711 817 muyto
745 753 915 812 fructu,
950 755 1228 801 reduzimdo
1261 772 1286 801 e
1321 754 1641 804 reformamdo
1671 769 1856 820 muytas
1884 775 1908 804 e

257 830 460 876 diuersas
485 845 644 892 pesoas
669 846 694 875 a
719 829 888 875 milhot·
911 829 1068 875 estado
1093 829 1154 875 do
1180 845 1269 892 que
1293 829 1471 876 damtes
1490 831 1685 890 tinham,
1706 849 1842 878 como
1863 849 1909 878 se

259 905 365 951 sabe
389 922 414 951 e
437 915 613 950 comsta
638 920 724 966 por
747 903 1065 967 experiemeia.
1103 905 1209 950 Sam
1243 903 1490 963 virtuosos,
1523 922 1547 951 e
1571 917 1716 952 emtre
1741 906 1830 952 eles
1854 923 1910 969 ay

263 996 423 1042 pesoas
445 978 696 1025 calificadas
719 978 782 1024 asi
809 994 881 1024 em
914 979 1049 1024 letras
1080 995 1216 1024 como
1240 995 1313 1025 em
1339 979 1485 1026 nobre
1510 996 1716 1043 samgue,
1741 981 1911 1044 quibus

262 1054 378 1099 inest
402 1053 560 1099 viuida
583 1053 742 1098 virtus:
769 1069 865 1098 sam
885 1064 1050 1115 muyto
1071 1052 1203 1098 vtiles
1221 1070 1273 1098 aa
1292 1053 1526 1116 republica
1545 1071 1569 1099 e
1588 1071 1612 1099 a
1631 1066 1726 1100 este
1747 1071 1908 1117 reyno,

262 1128 402 1174 omde
426 1144 499 1173 em
529 1126 724 1184 Lixboa,
751 1126 989 1186 Coimbra,
1025 1127 1184 1174 Euora
1207 1145 1312 1174 com
1338 1127 1601 1192 diligemeia
1625 1128 1838 1175 imsinam
1864 1145 1910 1175 as

265 1202 399 1248 letras
435 1201 617 1260 latinaS,
646 1217 843 1265 greguas
876 1219 900 1248 e
933 1214 1092 1248 outras
1127 1202 1367 1263 seiemtias,
1393 1220 1416 1248 e
1449 1203 1509 1249 asi
1542 1220 1619 1249 aos
1649 1203 1911 1264 saeerdotes

265 1294 424 1323 menos
449 1277 614 1323 ductos
639 1293 668 1322 o
693 1293 783 1340 que
807 1289 1039 1340 pertemee
1064 1294 1173 1341 pera
1193 1278 1415 1338 exereitar
1433 1295 1512 1324 seu
1531 1278 1678 1325 offitio
1702 1278 1910 1340 saeerdo·

264 1351 343 1410 tal,
375 1368 448 1397 em
483 1351 686 1414 expeeial
718 1368 795 1397 aos
824 1367 915 1415 que
945 1362 1037 1398 tem
1063 1368 1172 1397 cura
1202 1351 1376 1398 dalmas
1406 1368 1653 1415 preguam,
1678 1370 1702 1398 e
1726 1351 1913 1417 ajudam

265 1443 369 1472 aaos
393 1425 604 1489 prelados
628 1443 731 1472 com
756 1443 837 1472 sua
860 1426 1004 1473 solida
1027 1427 1236 1473 doctrina
1266 1444 1290 1472 e
1319 1427 1578 1473 comtinuas
1603 1427 1914 1483 comfisomes,

265 1502 323 1549 de
347 1518 438 1566 que
462 1502 598 1547 todos
621 1518 673 1548 os
698 1518 788 1565 que
812 1518 863 1547 os
887 1518 1175 1548 comuersam
1209 1501 1341 1548 ficam
1374 1502 1663 1548 comsolados
1695 1519 1719 1548 e
1750 1513 1915 1564 muyto

267 1577 528 1634 edificados,
548 1594 572 1623 e
592 1593 679 1640 por
697 1577 802 1634 ism,
821 1593 958 1623 como
978 1577 1167 1623 amados
1187 1577 1245 1623 de
1265 1577 1404 1634 Deos,
1425 1575 1577 1623 fazem
1599 1576 1753 1623 fructu
1772 1577 1917 1640 digno

269 1652 327 1698 de
354 1664 582 1715 perpetuo
607 1651 791 1708 louuor,
817 1651 878 1697 asi
906 1668 980 1698 em
1006 1663 1128 1698 terra
1157 1653 1215 1697 de
1246 1652 1484 1698 cristamos
1504 1650 1535 1710 ¹,
1561 1668 1747 1698 commo
1770 1662 1918 1698 emtre

269 1726 429 1784 imfies,
457 1727 518 1772 asi
544 1743 680 1772 como
705 1743 763 1772 na
787 1726 939 1773 Imdia
962 1726 1186 1784 oriemtal,
1211 1727 1396 1789 Japam,
1424 1726 1567 1773 Brasil
1591 1743 1615 1772 e
1639 1730 1712 1772 em
1737 1724 1917 1783 Africa,

268 1802 408 1848 omde
433 1818 478 1847 se
497 1802 575 1848 diz
596 1818 686 1865 que
706 1817 792 1864 por
810 1818 891 1847 sua
907 1813 1053 1848 samta
1070 1818 1413 1862 comuersaeam
1430 1818 1454 1847 e
1469 1801 1727 1847 comtinuas
1745 1817 1920 1847 amoes-

269 1887 473 1937 taeomes
494 1875 523 1932 ²,
557 1887 745 1938 muytos
769 1875 1007 1921 cristamos
1037 1875 1259 1938 captinS,
1285 1873 1530 1921 resfriados
1555 1891 1611 1920 na
1632 1874 1741 1931 ffee,
1766 1873 1920 1920 foram

271 1951 372 1996 nela
407 1948 695 1996 reformados
730 1967 754 1996 e
789 1949 1070 2008 ratificados,
1102 1967 1154 1996 os
1190 1966 1328 2013 quaes
1363 1962 1566 1996 estauam
1603 1966 1676 1995 em
1711 1948 1828 1995 risco
1863 1949 1921 1995 de

270 2035 502 2088 apostatat·
526 2024 586 2070 da
610 2023 683 2087 ley
706 2022 981 2086 euangelica.
1008 2024 1103 2070 Por
1127 2024 1329 2069 maneira
1347 2040 1437 2087 que
1457 2040 1481 2069 a
1501 2022 1729 2069 fructibus
1754 2038 1920 2070 eorum

270 2098 555 2162 cognoscetis
584 2115 677 2157 eos,
712 2098 917 2144 Matthei
950 2104 1014 2159 7.⁰
1046 2097 1115 2155 c.⁰;
1148 2110 1283 2161 posto
1315 2115 1405 2162 que
1429 2115 1535 2144 nam
1563 2096 1720 2144 faite-m
1746 2113 1920 2161 pesoas,

242 2181 247 2186 '
271 2191 424 2237 pouco
448 2184 692 2219 tememtes
716 2189 740 2218 a
764 2173 907 2231 De03,
932 2189 1022 2236 que
1047 2190 1103 2219 ex
1129 2173 1356 2219 diametro
1381 2172 1588 2237 queit-am
1609 2171 1879 2218 comtrariar
1896 2188 1921 2218 e

273 2248 490 2295 anichilar
513 2260 606 2293 este
640 2247 812 2306 estado,
848 2247 1264 2295 aleuamtamdolhe
1298 2264 1458 2294 cousas
1498 2264 1589 2311 que
1623 2263 1828 2308 cat-eoem
1863 2247 1921 2294 de

274 2322 488 2378 verdade,
523 2322 698 2368 damdo
728 2339 753 2367 a
783 2322 1040 2368 emtemder
1070 2339 1160 2386 que
1191 2339 1287 2368 sam
1318 2321 1546 2385 daqueleS,
1572 2321 1630 2368 de
1663 2337 1752 2384 que
1783 2320 1862 2367 diz
1892 2337 1921 2367 o

276 2408 404 2444 texto
425 2396 440 2421 ³
471 2398 514 2442 in
541 2407 657 2459 cap.e
682 2396 854 2453 Nemo,
883 2399 940 2456 83
967 2396 1254 2454 distintione,
1287 2394 1552 2442 imferimdo
1583 2411 1730 2441 serem
1754 2394 1922 2458 dignos

276 2471 471 2536 daquela
487 2488 619 2534 pena,
636 2472 692 2518 de
710 2470 784 2517 faz
802 2488 892 2535 que
908 2487 1137 2531 memeam
1153 2470 1368 2517 Bartulus
1387 2470 1432 2516 in
1453 2469 1477 2517 l.
1497 2468 1512 2494 ⁴
1532 2480 1612 2515 aut
1630 2467 1748 2515 facta
1764 2471 1789 2530 §
1806 2469 1921 2516 Non

277 2655 384 2691 hisce
405 2655 533 2691 verbis
553 2655 733 2690 laudatur
754 2665 775 2690 a
795 2653 970 2699 TELLES,
992 2650 1018 2690 l.
1040 2664 1085 2699 c.,
1106 2663 1195 2699 pag.
1219 2661 1305 2700 577:
1338 2651 1412 2687 ‹Se
1441 2655 1616 2687 cometeo
1638 2652 1676 2687 la
1697 2655 1853 2698 reposta
1874 2661 1921 2688 ao

277 2717 500 2763 Inquisidor
518 2717 728 2752 Pedralvez
748 2717 795 2752 de
815 2716 993 2762 Paredes‚
1015 2725 1089 2761 que
1105 2714 1171 2761 foy
1188 2714 1408 2760 Arcediago
1423 2713 1473 2749 da
1486 2713 1627 2757 Lavra,
1645 2717 1681 2750 et
1698 2713 1856 2760 Conego
1873 2714 1922 2750 de

279 2779 423 2829 Evora,
451 2790 501 2815 na
527 2779 618 2825 qual
645 2779 782 2814 cidade
807 2778 1001 2824 primeyro
1027 2777 1136 2814 tinha
1161 2777 1246 2813 sido
1273 2775 1506 2822 Inquisidor,
1534 2779 1571 2811 et
1598 2786 1664 2812 era
1690 2776 1846 2812 homem
1874 2776 1922 2812 de

279 2847 413 2890 muyta
432 2842 626 2888 bondade,
648 2846 685 2877 et
704 2842 751 2877 de
772 2844 966 2877 costumes
987 2840 1183 2886 affligos».

333 2902 347 2928 ¹
405 2904 471 2941 Sic
494 2914 610 2950 saepe
631 2903 670 2939 in
691 2913 760 2940 ms.
781 2902 1013 2939 Emendavit
1033 2906 1098 2938 aut
1117 2900 1213 2947 legit
1231 2899 1393 2937 TELLES
1414 2896 1657 2938 christidos.

333 2963 350 2989 2
405 2966 522 3012 Apud
541 2965 705 3002 TELLES
725 2965 1021 3011 amoestafbes.

333 3025 349 3051 ³
405 3028 479 3064 Ms.
502 3031 564 3065 tx.

336 3087 352 3114 4
407 3089 473 3128 Sic
502 3091 605 3127 hunc
634 3091 764 3126 locum
796 3089 985 3135 expressit
1011 3088 1186 3132 TELLES‚
1214 3097 1301 3133 pag.
1334 3094 1425 3133 579:
1455 3086 1526 3122 ‹de
1556 3096 1630 3133 que
1658 3085 1718 3122 faz
1744 3095 1919 3136 mene-am

283 3154 389 3193 Bart.
411 3153 450 3190 in
470 3154 555 3200 lege
574 3156 642 3190 aut
663 3152 777 3198 facta,
798 3162 869 3198 por
888 3155 971 3188 esta
992 3158 1273 3199 congregaeam
1294 3153 1331 3185 et
1352 3158 1396 3185 os
1417 3159 1490 3195 que
1511 3149 1637 3185 nella»
1662 3152 1738 3185 etc.
