2008 3510
354 264 431 313 842
1001 265 1172 304 INDICES

299 369 562 416 Bustamante,
584 370 622 407 P.
646 371 964 408 Bartholomaeus
987 372 1046 418 de,

351 431 392 468 S.
412 431 460 476 J.,
483 432 705 477 provinciae
738 433 910 469 baeticae
941 444 1048 479 prae-

351 494 518 540 positus,
547 494 614 540 80;
645 495 767 540 aperit
794 496 885 542 quid
908 495 1048 531 sentiat

352 557 400 592 de
423 556 590 592 tironum
612 557 869 603 institutione,
892 558 955 603 48,
983 567 1046 605 49;

352 623 539 665 aegrotat,
563 627 628 666 51;
657 620 810 665 regulas
838 621 1047 666 praepositi

351 681 602 727 provincialis
633 681 838 727 desiderat,
868 690 929 729 55,
960 691 1046 728 122;

351 742 570 789 collegiola,
592 742 631 778 in
653 743 792 789 quibus
807 744 919 789 pauci
937 744 1047 779 soda-

350 806 408 841 les
428 805 580 851 possint
600 806 751 852 degere,
773 817 849 842 non
870 806 943 843 sibi
964 817 1048 852 pro-

351 869 504 913 bantur,
528 876 588 915 51,
613 877 675 916 55;
697 869 937 904 cordubense
958 869 1048 904 tiro-

351 930 494 966 cinium
511 931 656 976 laudat,
674 942 689 966 1
702 931 761 976 18;
778 934 862 966 acta
879 931 1047 967 Marciae

351 990 595 1042 (Marchena)
612 1003 698 1028 cum
719 993 896 1039 dynastis
915 994 1046 1040 oppidi

351 1059 548 1102 recenset,
591 1057 787 1103 177·-178;
837 1056 1047 1093 Granatam

349 1119 521 1164 accedit,
554 1128 648 1165 1795
682 1119 773 1164 quid
801 1119 968 1165 judicet,
1000 1120 1047 1155 de

350 1181 554 1227 gymnasio
595 1181 643 1216 ad
680 1180 827 1217 Fanum
867 1181 1046 1227 Luciferi,

351 1242 442 1287 180,
465 1242 552 1288 181,
573 1246 843 1288 granatensem
864 1244 1047 1289 archiepi-

349 1315 511 1350 scopum
525 1305 682 1340 mirifice
698 1306 840 1351 laudat,
857 1317 945 1352 234,
958 1307 1045 1354 267,

351 1367 439 1412 268;
468 1378 624 1403 causam
652 1368 761 1404 affert
789 1379 855 1404 cur
881 1369 1048 1405 Ludovi-

348 1439 418 1464 cus
438 1430 484 1464 de
504 1429 543 1464 la
563 1429 677 1475 Cruz,
701 1433 814 1466 antea
836 1430 1046 1466 Societatis

350 1491 510 1536 amicus,
523 1502 624 1527 nunc
635 1492 922 1538 hispalensibus
930 1493 1047 1529 sociis

349 1553 589 1597 adversetur,
624 1563 716 1600 237,
755 1555 848 1600 238;
880 1555 1045 1601 collegio

347 1625 509 1651 romano
556 1615 805 1652 Bustamante
852 1618 1044 1662 subvenit,

348 1679 503 1724 collegii
548 1679 830 1714 institutionem
878 1681 1044 1716 maxime

348 1740 494 1786 laudat,
516 1741 602 1786 268,
621 1741 708 1787 269,
731 1742 819 1786 426;
837 1741 1044 1777 Giennium

349 1807 386 1838 et
405 1802 568 1838 Biatiam
591 1803 857 1849 proficiscitur,
879 1806 969 1850 308,
993 1805 1046 1840 di-

347 1867 410 1900 cta
431 1876 453 1900 a
474 1875 513 1900 se
534 1866 797 1911 superioribus
823 1867 962 1902 litteris
989 1878 1044 1902 re-

347 1927 454 1972 petit,
471 1937 658 1974 311-313;
677 1939 859 1974 prospera
879 1929 1043 1974 nuntiat,

347 1999 439 2034 423,
467 1998 557 2036 425;
581 1990 732 2035 judicat
761 2001 837 2026 non
867 1995 1043 2036 oportere

347 2055 503 2086 nostros
517 2052 747 2087 coenobium
762 2053 955 2099 quoddam
971 2053 1044 2088 vir-

347 2112 481 2158 ginum
502 2123 652 2159 curare,
681 2124 770 2160 427,
792 2116 882 2159 428;
914 2116 1043 2150 lauda-

348 2178 419 2220 tur,
448 2184 542 2220 4403
573 2186 608 2212 v.
638 2176 699 2223 56,
729 2184 797 2223 59,
833 2178 919 2223 168,
955 2178 1041 2224 169,

350 2239 767 2286 298‚392‚537‚567-

649 2423 685 2462 C

294 2547 511 2593 Caballero,
539 2547 742 2595 Firminus,
771 2548 918 2594 scrIpt.,
951 2561 1038 2596 190.

295 2609 474 2655 Cabrera,
496 2610 685 2655 Andreas,
707 2611 745 2647 S.
767 2610 819 2656 J.,
842 2611 954 2647 docet
972 2612 1042 2649 Co-

347 2671 573 2716 nimbricae,
606 2682 666 2718 29.

295 2731 462 2767 Cabrera
482 2733 614 2768 Petrus
637 2734 695 2777 de,
719 2732 757 2769 S.
774 2732 819 2779 J.,
844 2742 931 2780 555,
950 2735 1037 2782 556.

295 2794 463 2830 Cabrera
502 2799 538 2830 et
571 2795 786 2840 Bobadilla,
826 2795 1037 2842 Ludovica,

347 2856 629 2892 marchionissa
643 2857 689 2892 de
705 2857 871 2902 Villena,
886 2858 1040 2893 ducissa

349 2918 396 2952 de
417 2917 619 2963 Escalona,
643 2919 734 2964 obit,
758 2919 848 2955 216.

295 2979 473 3024 Caceres,
495 2979 667 3016 Didacus
683 2982 742 3026 de,
762 2981 851 3017 628.

295 3041 466 3078 Caecilia
505 3046 631 3078 castra
669 3040 889 3092 (Caceres),
930 3053 1036 3089 opp.,

355 3115 444 3149 142,
467 3114 556 3151 317.

1122 373 1284 419 Caesar,
1326 374 1593 421 bononiensis,
1636 375 1864 413 candidatus

1174 434 1381 472 Societatis
1399 436 1502 483 Jesu,
1527 445 1616 484 517,
1635 438 1723 484 518.

1122 496 1430 543 Caesaraugusta
1468 497 1724 548 (Zaragoza),
1759 509 1861 546 opp.,

1178 567 1264 606 Ι541
1307 560 1391 606 166,
1432 570 1519 607 ²¹75
1554 571 1644 607 3²02
1679 569 1863 610 521'5247

1176 620 1264 667 554,
1298 621 1385 669 565,
1424 623 1511 668 5961
1548 623 1636 668 787)
1671 631 1862 670 792‘795›

1175 682 1265 729 809,
1288 683 1364 730 819
1386 687 1422 718 et
1438 692 1557 730 seqq.;
1579 684 1756 720 Societas
1776 691 1864 730 post

1174 744 1348 780 sedatam
1381 745 1591 790 procellam
1625 746 1762 782 iterum
1796 756 1865 792 op-

1173 810 1377 852 pugnatur,
1399 807 1530 853 61-63,
1556 817 1641 853 103,
1662 805 1749 852 1'04,
1769 807 1863 852 804·

1174 869 1265 916 809;
1293 879 1408 915 quam
1429 870 1610 906 omiserat
1629 870 1766 906 civitas
1791 870 1865 906 So-

1175 930 1304 967 cietati
1357 931 1644 978 eleemosynam
1694 942 1864 978 erogare,

1174 1002 1258 1027 eam
1291 992 1427 1028 iterum
1460 993 1654 1039 elargitur,
1688 994 1776 1041 564;
1811 1004 1866 1029 ar-

1174 1054 1444 1101 chiepiscopus
1476 1061 1862 1102 caesaraugustanus»,

1175 1127 1208 1154 v.
1230 1117 1400 1163 Aragon,
1421 1117 1551 1163 Ferd.;
1581 1119 1662 1165 ejus
1682 1118 1863 1164 vicarius,

1175 1189 1210 1215 v.
1233 1178 1377 1224 Marco,
1399 1179 1542 1225 Lupus.

1120 1240 1305 1286 Caesena,
1328 1252 1429 1287 opp.,
1452 1252 1543 1288 341.

1120 1302 1337 1350 Cajetanus,
1366 1305 1560 1349 dominus,
1588 1313 1674 1351 773.

1119 1364 1310 1411 Calabria,
1350 1366 1467 1412 regio,
1509 1376 1596 1413 129,
1640 1376 1725 1412 130,
1777 1376 1863 1412 132,
1891 1402 1894 1407 ,

1175 1429 1382 1476 159‚569-

1119 1490 1346 1537 Calatayud,
1364 1490 1584 1526 Ludovicus
1601 1491 1660 1536 de,
1685 1495 1864 1536 protono-

1171 1553 1290 1588 tarius
1308 1553 1557 1598 apostolicus,
1579 1553 1658 1599 agit
1673 1563 1759 1588 cum
1773 1553 1864 1589 Bor-

1171 1615 1235 1661 gia
1246 1616 1292 1650 de
1307 1615 1515 1650 Societatis
1526 1615 1731 1661 gymnasio
1741 1615 1862 1651 Ocan-

1171 1676 1257 1712 niae
1289 1677 1572 1714 constituendo:
1612 1676 1651 1712 id
1687 1677 1863 1722 prohibet

1170 1739 1362 1774 toletanus
1383 1739 1554 1784 antistes,
1583 1738 1736 1784 Siliceo,
1771 1750 1864 1785 123-

1172 1809 1261 1848 125;
1300 1801 1358 1836 vir
1390 1802 1662 1847 octogenarius
1701 1807 1865 1838 vexatur

1171 1863 1218 1898 ab
1240 1863 1386 1907 eodem,
1410 1867 1447 1898 et
1468 1863 1506 1898 in
1529 1861 1723 1898 carcerem
1744 1864 1862 1910 conji-

1103 1933 1106 1941 ·
1169 1925 1277 1969 citur,
1310 1925 1396 1969 164,
1430 1934 1622 1972 170-172,
1652 1935 1741 1972 299,
1770 1935 1860 1972 300.

1116 1986 1343 2032 Calatayud,
1369 1997 1471 2033 opp.,
1494 1998 1528 2023 v.
1551 1986 1711 2023 Bilbilis.

1116 2047 1333 2094 Calatrava,
1355 2059 1466 2084 sacer
1488 2059 1532 2084 ac
1553 2049 1732 2085 militaris
1752 2049 1859 2095 ordo,

1224 2110 1258 2145 6.

1116 2120 1281 2208 Cazliium
1306 2171 1468 2221 (Cagli),
1491 2183 1592 2218 opp.,
1614 2176 1721 2218 optat
1736 2177 1777 2208 ut
1792 2172 1861 2209 So—

1168 2235 1319 2271 cietatis
1369 2236 1582 2281 collegium
1626 2236 1859 2281 instituatur,
1919 2274 1924 2277 ,
1970 2263 1974 2266 «

1168 2297 1257 2343 326.

1115 2358 1310 2404 Calvinus,
1325 2359 1506 2405 Joannes,
1522 2359 1751 2405 haereticus,
1766 2370 1858 2407 229.

1115 2420 1321 2466 Camacho,
1346 2421 1384 2456 in
1405 2426 1511 2456 textu
1528 2421 1765 2468 Camaceius,
1789 2421 1860 2457 Ga·

1166 2493 1266 2529 spar,
1290 2481 1425 2530 regens
1445 2484 1677 2530 Aragoniae,
1707 2491 1770 2531 45.

1114 2545 1335 2591 Camaiano,
1366 2546 1510 2591 Petrus,
1544 2546 1747 2592 episcopus
1779 2545 1855 2581 Fe-

1167 2608 1353 2653 sularum,
1403 2607 1589 2643 Societati
1633 2607 1855 2653 benevolus,

1169 2669 1261 2706 208.

1113 2731 1340 2776 Camaldoli,
1362 2731 1604 2777 coenobium,
1629 2742 1716 2768 210.

1113 2793 1405 2830 Cameracensis
1426 2793 1641 2839 episcopus,
1675 2804 1710 2830 v.
1739 2792 1856 2839 Croy,

1165 2855 1340 2900 Robert.;
1359 2855 1556 2900 Walhain,
1579 2855 1738 2892 Maxim.

1112 2917 1355 2954 Camerinum
1380 2916 1632 2966 (Camerino),
1654 2927 1755 2962 opp.,
1777 2926 1856 2962 394

1167 2983 1203 3015 et
1223 2990 1342 3025 seqq.,
1365 2979 1551 3024 416-421;
1580 2980 1796 3025 episcopus,
1818 2989 1854 3015 v·

1166 3041 1447 3087 Bongiovanni.

1113 3103 1348 3149 CampanHe,
1371 3103 1502 3148 abbas,
1524 3102 1613 3150 365.
