2040 3528
823 253 845 291 3
876 239 1122 278 Novnumus
1154 250 1256 292 1555
1756 254 1805 293 77

220 345 384 402 anime,
409 356 454 391 et
477 361 523 391 se
547 347 708 392 escuso
734 344 775 391 al
799 361 862 403 re,
889 345 1084 392 dicendo
1107 345 1191 392 che
1214 345 1277 392 lui
1303 362 1397 392 non
1426 356 1554 392 staua
1578 344 1754 393 furnito
1780 364 1864 411 per

219 420 451 484 predicare
475 418 621 466 molto
647 436 671 465 e
696 419 855 484 iniquo
875 431 921 467 et
938 420 1170 467 contrario
1188 420 1260 466 alli
1285 419 1447 484 prelati
1471 432 1517 466 et
1535 422 1732 480 vescoui‚
1759 439 1860 486 spe-

218 494 458 541 cialmente
483 494 653 557 perche
679 494 833 542 hanno
857 506 1018 560 questa
1042 495 1354 542 iurisdictione
1377 495 1637 559 temporali,
1670 509 1716 543 et
1745 513 1863 543 sono

222 568 344 632 (dice
368 568 455 629 lui)
482 568 685 632 superbi,
716 568 897 626 carnali,
928 568 1143 616 contrarii
1167 585 1193 614 a
1217 569 1404 615 Christo
1429 580 1474 615 et
1498 569 1570 615 alli
1595 570 1804 634 apostoli,
1829 572 1860 618 li

219 643 358 708 q'ualli
382 660 522 689 erano
548 644 723 707 poueri‚
750 644 928 699 humili,
952 655 1037 691 etc.
1066 643 1136 689 La
1150 643 1307 707 parola
1330 645 1386 691 de
1408 644 1518 701 Dio,
1539 645 1637 691 cioe
1663 645 1703 691 la
1725 646 1859 693 scrit-

219 731 335 775 tura,
361 718 385 764 ἐ
410 718 593 781 giudice
623 717 739 765 delle
768 735 870 765 cose
895 718 1011 766 della
1036 718 1275 782 religione,
1309 719 1416 782 quia
1443 719 1641 766 verbum
1665 721 1860 768 Domini

219 803 374 838 manet
397 792 443 838 in
469 802 679 838 eternum
704 792 738 850 ¹;
762 793 913 839 omnis
936 804 1091 838 autem
1115 792 1258 838 homo
1283 793 1481 839 mendax
1501 791 1529 840 ².
1562 794 1695 841 Delle
1720 812 1863 857 opera

219 883 313 912 non
338 865 384 912 fa
409 883 521 930 gran
548 879 707 915 conto:
741 883 922 930 sempre
953 866 994 911 la
1023 863 1127 912 fede
1159 865 1277 912 nella
1300 866 1439 913 bocca
1462 879 1508 913 et
1533 869 1728 914 verbum
1754 869 1862 916 Dei.

219 941 309 988 Lui
334 943 519 1006 predica
541 942 659 989 della
677 942 1007 989 communione
1031 941 1117 987 sub
1142 953 1337 1004 utraque
1361 943 1524 1005 specie,
1544 959 1675 989 come
1694 961 1757 990 vn
1777 944 1860 991 bo-

219 1017 358 1064 hemo
382 1029 429 1064 et
452 1017 753 1065 schismatico.

286 1093 422 1157 Hogi
447 1104 516 1139 sta
539 1110 637 1140 sera
671 1110 726 1140 ne
758 1093 817 1139 ha
846 1092 1040 1139 ciamato
1077 1091 1105 1138 il
1143 1092 1272 1139 detto
1307 1091 1561 1150 labacense,
1594 1104 1639 1138 et
1674 1092 1864 1140 referito

217 1184 353 1213 como
378 1167 521 1231 hoggi
546 1167 631 1213 alla
655 1167 828 1214 matina
854 1167 913 1213 ha
938 1167 1171 1230 predicato
1195 1167 1236 1213 al
1260 1184 1308 1213 re
1332 1166 1370 1212 F
1373 1167 1628 1214 erdinando
1649 1168 1677 1214 il
1697 1169 1862 1215 suffra-

218 1257 365 1304 ganeo
389 1241 651 1304 patauiense
671 1239 687 1265 ³
712 1258 737 1287 a
761 1252 921 1305 questa
944 1241 1193 1299 occasione,
1217 1242 1300 1288 che
1325 1240 1525 1287 volendo
1556 1241 1584 1287 il
1617 1259 1663 1288 re
1690 1259 1860 1306 proue-

218 1313 331 1362 derli
355 1314 427 1361 del
452 1325 697 1361 vescouato
722 1331 998 1379 gourcense,
1030 1331 1076 1362 se
1108 1316 1168 1362 ha
1196 1326 1455 1379 presentato
1481 1333 1506 1361 a
1530 1329 1689 1380 questa
1715 1334 1863 1380 proua

218 1389 277 1436 da
299 1406 346 1435 se
371 1389 635 1446 medesimo,
656 1400 702 1435 et
719 1389 778 1436 ha
795 1389 1070 1436 confirmato
1095 1400 1408 1453 apertamente
1425 1389 1452 1435 l'
1469 1407 1597 1436 error
1615 1391 1672 1437 de
1698 1391 1724 1436 l'
1743 1391 1863 1437 altro

219 1462 516 1526 predicatore,
549 1463 744 1510 dicendo
775 1474 822 1510 et
851 1464 1096 1527 prouando
1131 1464 1215 1511 che
1251 1463 1532 1510 nullamente
1557 1481 1603 1510 se
1628 1464 1858 1511 douereb-

219 1536 344 1583 bono
369 1537 608 1602 abrugiare
632 1555 661 1584 o
685 1536 756 1603 far
780 1539 948 1585 morire
972 1538 1172 1596 heretici,
1199 1538 1366 1601 perche
1393 1539 1582 1585 Christo
1608 1556 1699 1585 non
1733 1539 1776 1586 lo
1802 1540 1862 1586 ha

217 1608 350 1668 fatto,
375 1612 432 1657 ne
457 1612 603 1658 ancho
634 1612 663 1658 li
696 1613 917 1676 apostoli,
954 1613 1130 1660 benche
1165 1613 1306 1660 Petro
1336 1612 1388 1659 fu
1418 1630 1480 1660 vn
1514 1614 1863 1677 peruersissimo

219 1685 432 1743 heretico,
458 1687 660 1751 quando,
686 1686 812 1750 dopo
838 1687 951 1733 tanti
972 1687 1192 1746 miraculi,
1213 1690 1334 1751 nego
1357 1700 1426 1734 tre
1444 1689 1568 1734 volte
1588 1688 1702 1748 Jesu
1725 1688 1862 1735 Chri—

216 1771 300 1807 sto.
324 1761 502 1823 Questa
521 1759 571 1807 fu
590 1778 682 1808 vna
699 1761 816 1809 delle
834 1759 913 1808 sue
934 1779 1091 1826 proue.
1115 1761 1191 1809 De
1209 1775 1373 1827 questo
1389 1764 1485 1826 puo
1505 1780 1693 1826 pensare
1714 1764 1775 1812 V.
1799 1765 1859 1810 R.

217 1834 264 1880 in
286 1835 370 1881 che
394 1834 581 1881 termini
610 1835 776 1881 stiamo
811 1835 858 1882 in
893 1846 1053 1900 questa
1083 1852 1216 1899 persa
1251 1835 1548 1900 Allemagna.
1579 1837 1624 1883 Si
1656 1837 1701 1883 in
1726 1837 1862 1884 viridi

218 1908 345 1973 ligno
384 1909 430 1956 id
467 1908 654 1966 faciunt,
687 1910 733 1955 in
766 1910 893 1957 arido
930 1910 1045 1975 quid
1081 1910 1159 1957 fiet
1181 1909 1215 1958 ⁴?
1255 1910 1368 1957 Non
1401 1911 1452 1957 ce
1483 1911 1735 1976 conseglio,
1768 1929 1862 1957 non

217 1984 269 2030 ce
295 1983 412 2041 zelo,
439 2001 530 2030 non
557 1984 591 2030 si
618 1984 790 2031 ritroua
819 1984 1036 2032 remedio.
1068 1983 1160 2031 Soli
1191 1984 1351 2048 pocchi
1382 1985 1593 2049 spagnoli
1629 2003 1675 2032 se
1706 2003 1763 2032 ne
1794 1986 1863 2032 la-

220 2071 456 2106 mentano:
493 2058 591 2105 solo
628 2059 652 2105 e
688 2071 759 2105 tra
794 2059 824 2105 li
859 2058 1139 2106 ecclesiastici
1175 2058 1205 2105 il
1237 2076 1435 2106 vescouo
1470 2059 1722 2118 labacense,
1767 2078 1865 2107 vno

218 2133 372 2180 veccio
404 2145 450 2180 et
485 2133 709 2197 simplice,
739 2134 797 2182 de
834 2151 926 2180 non
959 2145 1129 2198 troppo
1160 2133 1338 2181 credito
1368 2150 1584 2197 appresso
1620 2135 1678 2181 de
1710 2136 1859 2199 questi

220 2207 379 2254 buono
407 2208 644 2255 cortesani.
676 2208 763 2255 Me
795 2208 1018 2272 ringresse
1049 2208 1160 2255 assai
1192 2208 1275 2255 che
1307 2208 1351 2255 io
1382 2225 1474 2254 non
1506 2222 1746 2273 so-questa
1775 2210 1857 2256 lin-

219 2297 312 2344 gua
334 2281 622 2344 to[descha]‚
648 2281 688 2328 la
717 2281 866 2346 qualle
892 2282 916 2328 ἐ
940 2294 1070 2329 tauto
1099 2282 1339 2328 artificiosa
1369 2295 1414 2328 et
1444 2282 1639 2340 difficile,
1674 2297 1718 2330 et
1749 2301 1854 2347 per-

221 2354 342 2400 mille
363 2355 684 2418 occuppationi
708 2356 790 2403 che
815 2355 872 2402 de
896 2356 977 2419 piu
1009 2355 1055 2402 in
1088 2356 1168 2419 piu
1198 2373 1437 2415 crescono,
1471 2374 1563 2403 non
1591 2374 1663 2403 me
1687 2374 1861 2421 puosso

220 2428 473 2475 essercitare
498 2429 544 2475 in
568 2446 676 2488 essa,
701 2447 836 2477 como
861 2430 1024 2478 vorrei.
1054 2431 1123 2477 La
1145 2430 1366 2478 difficulta‘t
1389 2432 1471 2478 che
1497 2432 1540 2478 io
1572 2433 1749 2478 ritrouo
1774 2450 1861 2479 an-

274 2609 288 2635 ¹
346 2612 447 2651 IsA1.
470 2621 538 2658 XL,
560 2613 670 2650 8.—I
691 2613 810 2650 PETR.
834 2622 860 2661 1,
882 2622 947 2662 ²5·

273 2671 290 2696 2
345 2674 410 2712 ΡΞ.
431 2683 530 2721 cxv,
555 2687 571 2711 1
585 2676 742 2713 1.—AD
762 2676 868 2715 RoM,
889 2685 947 2722 111,
969 2687 1004 2722 4.

275 2732 291 2758 ³
350 2736 612 2774 ‹Pataviensis
631 2748 700 2774 seu
720 2738 986 2775 Passaviensis
1006 2737 1221 2785 Episcopus
1243 2739 1292 2775 ad
1309 2747 1328 2787 5
1352 2749 1474 2786 usque
1493 2738 1720 2775 Decembris
1747 2740 1864 2786 hujus

224 2798 314 2833 anni
338 2807 436 2847 1555
461 2799 532 2836 fuit
551 2800 814 2848 Wolfgangus
834 2813 871 2840 v.
891 2802 1011 2848 Salm;
1032 2802 1094 2838 cui
1115 2802 1303 2838 successit
1320 2814 1368 2838 20
1388 2803 1558 2850 ejusdem
1575 2802 1720 2838 mensis
1734 2801 1861 2838 Wolf-

223 2869 373 2905 gangus
393 2872 428 2897 v.
450 2861 592 2898 Closen
611 2861 784 2913 (GAMS).
806 2864 914 2900 Illius
935 2868 1062 2900 autem
1089 2863 1374 2910 suffraganeus,
1400 2865 1447 2900 de
1470 2874 1546 2911 quo
1574 2864 1637 2900 hic
1656 2864 1699 2899 fit
1719 2874 1861 2908 sermo,

227 2922 314 2968 quis
335 2922 458 2969 fuerit,
480 2924 593 2961 nobis
612 2935 690 2961 non
710 2926 806 2962 satis
826 2930 990 2963 constat.
1012 2926 1216 2962 Promotus
1236 2927 1285 2962 ad
1309 2926 1544 2962 Gurcensem
1566 2926 1770 2962 ecelesiam
1789 2925 1860 2961 fuit

224 2983 404 3021 Urbanus
424 2985 471 3020 de
494 2985 738 3024 Oesterreich
757 2985 966 3038 (GAMS)».
992 2989 1200 3035 POLANCO,
1228 2993 1254 3025 t.
1282 2997 1325 3034 v,
1351 2999 1439 3035 pag.
1465 2997 1553 3036 235,
1584 2989 1671 3035 236,
1704 2999 1741 3026 n.
1768 2989 1860 3034 680,

223 3050 353 3082 annot.
374 3056 411 3093 3.

278 3104 293 3129 4
347 3107 448 3146 Luc.
469 3117 589 3156 xxm,
610 3121 677 3157 31.
