2008 3510
285 249 360 288 730
751 235 987 274 EPISTOLAE
1017 236 1263 283 M1xTAE÷1
1270 248 1320 288 30
1324 250 1345 288 3

230 344 491 390 accrescerle
518 343 558 388 la
581 343 737 390 diuina
762 359 843 388 sua
867 343 1024 406 gratia,
1049 360 1073 388 e
1098 343 1258 406 preghi
1285 343 1345 390 lui
1371 360 1452 407 per
1486 361 1576 390 me.⁴
1598 343 1660 390 Di
1687 344 1861 407 Napoli

230 434 252 462 a
271 433 392 463 xxm
419 416 466 464 d'
486 418 669 480 Agosto
693 430 827 479 1551.
849 417 909 462 Al
937 417 1214 463 commando
1233 419 1289 464 de
1307 418 1363 465 V.
1383 417 1458 465 S.ia
1485 418 1495 443 ¹
1520 418 1664 465 molto
1687 419 1787 467 R.da

948 500 999 546 IL
1038 516 1168 546 DUCA
1210 517 1258 546 DI
1300 502 1668 549 MONTELEONE.

295 603 547 665 Inscriptio:
575 603 606 663 -l-
630 601 691 647 Al
727 601 871 648 molto
907 602 1008 648 R.d0
1031 602 1199 659 -Padre,
1227 602 1302 650 M.
1329 602 1524 666 Ignatio,
1550 616 1693 649 rettor
1724 620 1865 668 gene·

231 675 320 722 rale
343 676 415 722 de’
435 676 552 739 preti
576 704 640 710 —
663 704 728 710 —
750 704 815 711 —
842 675 895 721 In
927 676 1098 723 Roma.

983 862 1124 897 iana

676 948 1057 987 BERNARDINUS?
1087 949 1154 986 DE
1184 949 1420 987 POLANCO

553 1037 769 1090 PATRI
807 1037 1107 1084 IGNATIO
1143 1038 1236 1085 DE
1275 1037 1556 1084 LOYOLA

631 1142 917 1169 VALLisOLETo
946 1144 996 1182 30
1026 1142 1277 1169 SEPTEMBRIS
1310 1143 1406 1182 1551
1440 1129 1468 1169 ².

338 1230 503 1267 Sodales
523 1241 678 1277 operam
700 1231 886 1276 proximis
906 1231 1368 1278 impendunt-Fructus
1389 1231 1477 1266 inde
1498 1235 1768 1277 perceptus.—

511 1293 655 1330 Dolent
673 1294 719 1329 de
739 1294 934 1340 paucitate
955 1295 1148 1331 sociorum
1170 1297 1207 1330 et
1227 1293 1415 1340 angustiis
1436 1293 1588 1331 domus.

1048 1397 1070 1432 †

1009 1434 1110 1494 Jhs.

296 1532 568 1580 Admodum
598 1533 716 1581 Rde.
747 1533 894 1581 Pater.
928 1534 1088 1581 Gratia
1117 1545 1162 1580 et
1192 1551 1372 1580 summa
1403 1549 1494 1597 pax
1526 1532 1700 1579 domini
1728 1532 1867 1579 nostri

230 1608 345 1668 Jhu.
371 1607 485 1671 Xpi.
514 1607 719 1655 abundet
753 1625 932 1672 semper
962 1610 1006 1655 in
1031 1608 1245 1655 cordibus
1278 1609 1443 1655 nostris
1474 1607 1608 1654 simul
1638 1624 1742 1653 cum
1769 1624 1870 1653 san-

231 1682 430 1728 ctissimo
455 1682 552 1747 ejus
578 1699 731 1728 amore
756 1695 892 1746 atque
917 1683 1095 1740 timore,
1121 1695 1194 1741 ut,
1221 1683 1397 1729 assidue
1421 1699 1559 1728 suaue
1577 1682 1747 1745 jugum
1773 1682 1870 1748 ejus

232 1756 451 1813 ferentes,
493 1775 597 1803 cum
635 1758 734 1821 ipso
768 1759 1105 1805 resurrectionis
1137 1759 1330 1823 gloriam
1369 1758 1554 1822 adipisci
1597 1774 1869 1816 mereamur,

231 1848 371 1895 quam
397 1832 595 1878 maxime
622 1832 715 1878 sitit
739 1832 782 1878 in
816 1832 978 1878 animis
1009 1833 1196 1890 nostris,
1229 1849 1343 1896 quas
1372 1833 1590 1897 dignatur
1620 1831 1869 1878 inhabitare

232 1906 395 1952 sanctis
425 1906 659 1953 desideriis
691 1907 1005 1970 praeueniens,
1032 1919 1082 1953 ut
1113 1907 1299 1970 dignam
1324 1906 1406 1952 sibi
1435 1917 1562 1970 paret
1587 1906 1867 1952 mansionem

234 1981 279 2027 in
303 1992 511 2044 tempore
543 1992 810 2045 opportuno
841 1982 898 2028 ad
930 1981 1149 2028 maiorem
1181 1981 1373 2045 gloriam
1400 1992 1444 2027 et
1476 1981 1656 2027 laudem
1687 1981 1870 2027 diuinae

234 2058 495 2122 magestatis
520 2058 626 2105 eius.
653 2058 820 2105 Amen.

303 2133 413 2179 Post
437 2132 620 2179 vltimas
644 2132 820 2190 literas,
851 2149 967 2197 quae
997 2131 1233 2179 scribenda
1262 2148 1355 2178 sese
1385 2130 1587 2177 offerunt
1625 2130 1683 2176 R.
1711 2130 1765 2178 P.
1790 2130 1869 2188 T.,

233 2209 342 2254 haec
367 2206 462 2253 fere
486 2218 609 2255 sunt.
637 2208 750 2270 Quo
774 2208 831 2254 ad
855 2207 985 2253 solita
1008 2207 1240 2263 exercicia,
1259 2223 1390 2270 saepe
1411 2205 1659 2269 pergimus,
1680 2205 1825 2251 vocati
1847 2221 1871 2250 a

234 2283 425 2329 diuersis
461 2283 579 2329 notis
610 2293 656 2328 et
685 2282 864 2329 deuotis
897 2282 1084 2339 nostris,
1118 2293 1170 2328 ut
1209 2298 1368 2327 eorum
1405 2281 1539 2326 morti
1573 2291 1650 2326 aut
1680 2296 1870 2326 suorum

235 2357 531 2416 adsistamus,
558 2357 683 2420 quod
708 2357 893 2421 quidem
921 2357 972 2403 fit
996 2374 1099 2403 cum
1134 2357 1331 2402 maxima
1357 2355 1664 2402 aedificatione
1688 2366 1732 2400 et
1752 2354 1870 2400 utili-

236 2442 349 2490 tate,
376 2443 475 2477 tum
503 2448 691 2489 eorum,
718 2442 816 2477 tum
842 2432 977 2478 etiam
1003 2432 1211 2478 omnium
1243 2430 1641 2487 circunstantium,
1666 2446 1751 2492 pro
1776 2428 1872 2475 sola

237 2505 380 2569 gloria
421 2506 601 2552 diuinae
643 2506 901 2569 magestatis
939 2518 1074 2570 atque
1115 2505 1343 2563 crucifixi,
1382 2516 1475 2551 tam
1516 2503 1746 2550 immerito
1786 2520 1871 2566 pro

237 2580 367 2626 nobis
393 2581 587 2637 mortui,
621 2591 672 2627 ut
706 2581 788 2627 iter
819 2581 1038 2644 panderet
1072 2581 1129 2627 ad
1164 2581 1336 2643 ipsum,
1369 2596 1504 2643 quem
1539 2590 1774 2642 tantopere
1801 2578 1870 2623 hic

236 2656 413 2702 sitimus
437 2666 574 2719 atque
597 2655 876 2711 anhelamus,
902 2656 1022 2702 idem
1050 2655 1133 2701 iter
1157 2655 1362 2718 pandens
1387 2671 1435 2700 ac
1462 2654 1657 2700 laeuans.

304 2730 530 2776 Visuntur
545 2730 679 2777 etiam
701 2730 896 2794 hospitia
915 2747 1186 2794 pauperum,
1213 2746 1414 2794 quorum
1438 2727 1720 2775 confesiones
1744 2727 1869 2774 audi-

292 2875 305 2900 ¹
362 2878 470 2914 Prius
489 2877 674 2924 scriptum
695 2876 811 2913 fuisse
832 2877 984 2913 videtur
1002 2876 1054 2922 P„
1078 2876 1182 2923 quod
1201 2876 1240 2911 in
1262 2873 1348 2912 ssia
1372 2878 1559 2911 mutatum
1580 2873 1664 2911 fuit.

292 2937 308 2962 2
363 2939 419 2976 Ex
440 2940 678 2986 autographo
700 2939 738 2975 in
758 2939 833 2975 vol.
863 2936 997 2989 Epist.
1022 2937 1071 2975 P.
1101 2935 1280 2976 Polcmci
1304 2932 1569 2987 1542-1576,
1600 2935 1744 2981 duplici
1766 2934 1870 2980 folio,

241 3013 274 3038 n.
302 3004 361 3048 16,
383 3003 488 3048 prius
509 3001 759 3047 410.—Haec
779 3002 958 3048 epistola,
982 3002 1089 3047 cujus
1112 3004 1243 3036 auctor
1268 2999 1379 3035 nobis
1399 2998 1585 3035 hactenus
1607 2998 1760 3044 ignotus
1781 2997 1870 3043 qui-

242 3066 327 3101 dem
349 3070 418 3112 est,
440 3066 571 3102 multis
592 3069 713 3102 scatet
732 3064 893 3109 mendis,
915 3075 1012 3111 quae
1030 3064 1265 3100 laboriosum
1288 3066 1389 3099 esset
1407 3062 1610 3108 corrigere,
1634 3065 1670 3097 et
1686 3060 1732 3097 ad
1747 3070 1871 3106 gram-

242 3128 401 3166 matices
422 3131 626 3176 praecepta
646 3137 841 3165 revocare.
865 3126 1009 3163 Eadem
1030 3127 1150 3163 lector
1170 3126 1251 3173 ipse
1272 3125 1423 3162 facilius
1444 3123 1672 3161 emendabit.
