2008 3510
311 268 388 318 586
780 267 1013 306 EPISTOLAE
1044 266 1263 306 Mxxnss÷
1271 279 1287 305 1
1295 279 1371 318 239

255 373 580 430 moderatione,
606 389 791 420 morum
815 372 1156 437 verborumque
1188 374 1403 420 comitate
1435 372 1698 430 roboretur,
1722 391 1884 421 conso-

255 448 373 492 letur
397 447 778 511 perficereturque
805 450 925 508 [sicJ.
956 448 1142 512 Alioqui
1167 448 1202 494 is
1225 448 1429 511 optimus
1453 460 1569 494 esset
1594 448 1758 495 modus
1780 448 1886 495 sub-

253 522 460 568 uertendi
485 521 726 585 collegium
753 523 1114 586 ingolstadiense.
1145 523 1279 569 Haec
1303 539 1430 586 ergo,
1458 532 1509 569 vt
1532 523 1648 581 dixi,
1673 524 1819 586 sopita
1841 535 1886 570 et

255 596 490 642 moderata
514 608 621 642 sunt
646 613 725 658 per
749 596 811 643 D.
839 596 1087 643 Canisium.
1126 596 1297 643 Habeo
1324 607 1476 643 tamen
1504 597 1548 642 in
1574 597 1693 643 votis
1718 597 1884 654 omnia,

254 682 571 734 quantumque
599 670 882 727 difficillima,
909 672 1098 733 posthac
1130 671 1371 736 sustinere,
1403 688 1483 717 nec
1514 671 1708 718 scribere
1737 672 1796 717 de
1820 671 1886 717 his

255 744 446 790 morosis
474 745 625 791 litibus
650 745 908 809 quicquam.
937 746 1103 791 Saltem
1127 762 1181 812 ne
1207 746 1316 792 mihi
1335 738 1497 792 iniuria
1520 746 1598 792 fiat
1617 747 1739 809 apud
1760 763 1886 793 reve-

255 820 419 866 rendos
446 819 615 876 Patres,
643 837 790 883 neque
818 837 965 866 meam
991 819 1179 878 famam,
1204 837 1319 884 quae
1351 821 1594 885 vnicuique
1626 820 1762 867 debet
1793 837 1886 867 esse

255 893 528 950 charissima,
553 894 742 940 sinistris
767 893 904 940 literis
929 908 1101 940 temere
1128 894 1320 941 laedant.

323 968 385 1015 D.
418 968 703 1014 Couillonius
734 968 853 1014 hisce
888 967 1201 1014 vacationibus
1231 967 1368 1013 animi
1399 984 1532 1013 causa
1564 968 1617 1015 ad
1651 967 1886 1014 Canisium

257 1043 354 1105 ipso
377 1042 567 1102 Joannis
595 1041 758 1105 [festo]
789 1040 1022 1105 profectus
1047 1053 1114 1088 est
1141 1041 1457 1090 Ratisbonam.
1485 1043 1559 1087 De
1583 1043 1731 1088 reditu
1762 1042 1886 1088 nihil.

256 1117 433 1162 Omnes
457 1117 502 1162 in
530 1115 823 1162 fraternitatis
854 1116 1070 1162 charitate
1093 1116 1282 1179 simplici
1308 1133 1364 1162 ex
1395 1117 1531 1162 corde
1556 1116 1766 1163 viuimus.
1794 1116 1888 1162 Det

256 1191 386 1236 nobis
409 1191 624 1237 dominus
648 1191 780 1251 Jesus
813 1191 1039 1253 spiritum,
1065 1191 1110 1236 in
1134 1191 1350 1237 discendo
1382 1207 1427 1236 et
1459 1190 1760 1254 gubernando
1790 1190 1888 1238 dili-

255 1276 455 1328 gentem,
503 1265 547 1310 in
595 1264 855 1311 obediendo
895 1265 1168 1327 simplicem,
1204 1265 1255 1311 ‘in
1304 1264 1564 1326 profitendo
1608 1264 1808 1321 fidelem,
1841 1264 1887 1310 in

257 1339 489 1401 loquendo
534 1339 805 1401 agendoque
845 1339 1197 1384 consideratum.
1246 1338 1514 1384 Vestrarum
1563 1338 1762 1401 partium
1804 1338 1889 1383 erit

255 1412 410 1458 Deum
438 1413 550 1475 Opt.
577 1413 707 1458 Max.
727 1428 811 1474 pro
831 1410 1119 1458 foelicissimo
1141 1428 1384 1475 progressu
1406 1424 1562 1458 nost-ro
1587 1413 1631 1457 in
1651 1412 1733 1458 hac
1753 1411 1889 1458 baua-

256 1488 344 1532 rica
373 1504 512 1532 messe
536 1504 663 1532 orare
682 1486 958 1550 frequenter.
982 1487 1119 1532 Miris
1138 1487 1258 1532 enim
1283 1487 1430 1532 modis
1449 1487 1714 1550 aggreditur
1732 1486 1889 1542 hostis,

255 1561 287 1605 si
315 1578 408 1623 quo
434 1561 575 1607 modo
603 1578 684 1606 nos
709 1560 922 1607 exturbet
945 1561 1225 1624 deijciatque.
1265 1560 1366 1617 Sed,
1398 1561 1432 1606 si
1468 1561 1597 1606 Deus
1627 1578 1711 1623 pro
1745 1560 1888 1617 nobis,

256 1634 358 1697 quis
382 1647 540 1680 contra
563 1634 669 1680 nos?
695 1634 856 1679 Valeat
881 1635 1135 1680 reverenda
1156 1635 1401 1696 paternitas
1420 1646 1497 1680 tua
1515 1651 1620 1680 cum
1645 1635 1702 1681 R.
1725 1634 1774 1680 P.
1801 1634 1890 1679 Po-

259 1708 384 1753 lanco
409 1719 594 1771 totaque
627 1708 874 1754 sodalitate.
908 1708 1181 1771 Ingolstadii
1214 1724 1335 1754 anno
1369 1708 1503 1770 1556,
1533 1722 1556 1770 5
1589 1707 1783 1754 calendis
1811 1707 1891 1767 Ja-

260 1781 418 1830 nuarii.
446 1782 503 1828 R.
534 1783 588 1829 P.
609 1782 670 1829 T.
696 1799 854 1828 seruus
878 1782 1112 1844 indignus,

1074 1875 1294 1920 THOMAs
1332 1875 1694 1920 NomoMAous.

321 1982 382 2028 D.
417 1982 619 2042 Joannes
651 1983 905 2041 LucretiuS‚
936 2001 1013 2030 seu
1049 1984 1447 2041 Vidmanstadius‚
1479 1982 1696 2030 defuncta
1728 1998 1888 2039 vxore,

256 2055 571 2101 canonicatum
597 2057 787 2119 adeptus
812 2068 878 2102 est
907 2057 1184 2104 Ratisbonae
1210 2059 1254 2103 in
1280 2058 1462 2104 ecclesia
1484 2055 1741 2103 cathedrali.

321 2129 573 2192 Inscriptio:
599 2131 632 2191 -l-
660 2131 744 2176 Rd0
768 2131 813 2176 in
837 2130 1022 2177 Christo
1053 2131 1186 2187 Patri,
1214 2133 1275 2178 D.
1299 2131 1474 2192 Jacobo
1502 2132 1713 2193 Laynez,
1739 2130 1886 2176 Socie-

259 2203 363 2249 tatis
388 2205 584 2250 nominis
612 2205 723 2265 Jesu
755 2205 920 2250 vicario
946 2205 1163 2268 generali,
1192 2206 1388 2252 Romae.
1417 2206 1526 2251 Alia
1557 2221 1709 2251 manu:
1738 2204 1833 2250 R.t2
1860 2217 1884 2265 5

261 2277 441 2325 Martii.
