2008 3510
269 246 347 286 662
738 245 971 286 Erxsromz
997 245 1329 300 Mune—1272

958 428 985 462 1
993 427 1024 462 2
1031 427 1058 463 ’ἵ
1066 427 1098 463 2

704 523 837 562 MAXI
843 523 1091 561 MILIANUS
1121 523 1354 563 CAPELLA

524 619 738 667 PATRI
773 619 1031 681 JOANNI
1070 620 1165 667 DE
1201 619 1528 675 POLANCO

696 722 954 750 SALMANTICA
985 723 1033 763 27
1061 724 1164 760 JULu
1199 713 1298 764 1548
1327 712 1359 751 ¹.

212 820 498 867 Negligentiam
516 830 625 856 suam
646 820 685 856 in
704 819 908 857 scribendo
930 826 1097 867 aecusat;
1120 822 1427 859 emendationem
1446 823 1841 869 promittit.—Patris

266 882 489 919 Melchioris
504 882 600 919 Cani
617 893 867 929 congressum
884 893 970 919 cum
985 883 1095 919 Patre
1111 883 1249 920 Torres
1266 885 1716 922 commemorat-Illius
1737 886 1841 922 dicta

269 948 306 981 et
326 945 427 982 facta
443 946 627 982 adversus
644 945 892 991 Societatem,
910 946 1256 992 perstringit-De
1277 947 1394 984 sociis
1413 948 1844 986 salmanticensibus.—

269 1008 425 1055 Optima
443 1008 566 1045 Patris
586 1008 724 1045 Torres
746 1009 934 1055 exempla.

962 1085 1093 1183 Jhiis.

282 1223 399 1270 Rde.
449 1233 586 1287 atque
633 1223 938 1269 amantissime
975 1223 1020 1268 in
1059 1222 1246 1269 Christo
1287 1223 1435 1271 Pater.
1480 1223 1639 1270 Gratia
1675 1235 1720 1271 et
1755 1242 1845 1289 pax

213 1298 391 1345 domini
424 1298 567 1344 nostri
599 1298 710 1359 Jesu
735 1297 905 1345 Christi
937 1309 981 1344 et
1009 1297 1364 1347 communicatio
1389 1299 1529 1344 sancti
1565 1299 1758 1362 Spiritus
1789 1301 1846 1348 sit

214 1389 394 1437 semper
437 1372 692 1420 nobiscum.
736 1373 906 1421 Arnen.
952 1372 1208 1436 Epistolam
1249 1384 1392 1431 tuam,
1417 1374 1569 1420 datam
1614 1369 1677 1436 7.⁰
1717 1376 1844 1436 Junii

214 1448 318 1494 anni
350 1450 486 1511 1548,
512 1447 769 1511 accepimus
801 1452 888 1509 13.a
913 1447 1038 1508 Julii.
1068 1439 1277 1494 Eandem
1302 1448 1557 1495 reiteratam
1590 1450 1844 1513 accepimus

215 1522 309 1571 22.⁰
331 1523 534 1570 eiusdem
559 1522 726 1569 mensis
748 1523 875 1583 Julii,
901 1523 946 1568 in
972 1539 1062 1586 qua
1086 1523 1410 1586 conquerendo
1433 1523 1683 1570 demiratur
1714 1525 1845 1572 Pater

215 1610 368 1645 noster
391 1598 620 1662 Ignatius,
645 1597 751 1662 quia
775 1597 879 1643 hinc
904 1607 998 1643 tam
1024 1613 1125 1643 raro
1160 1597 1214 1644 ad
1251 1597 1400 1661 ipsum
1425 1597 1671 1657 scribatur,
1698 1598 1844 1646 iubet-

215 1691 305 1738 que
328 1684 380 1720 vt
405 1673 619 1736 deinceps
642 1671 847 1736 quolibet
871 1689 1055 1736 quoque
1081 1689 1235 1718 mense
1263 1671 1320 1719 de
1345 1682 1465 1718 statu
1490 1689 1646 1719 rerum
1671 1684 1845 1720 nostra-

217 1764 320 1794 rum
350 1764 456 1794 eum
488 1747 733 1794 reddamus
763 1746 1002 1793 certiorem
1023 1745 1051 1793 ².
1091 1746 1189 1793 Etsi
1223 1746 1434 1793 voluntas
1470 1747 1616 1794 Patris
1648 1748 1789 1795 nostri
1821 1765 1846 1795 a

218 1823 348 1870 nobis
373 1823 589 1869 hactenus
613 1821 753 1869 fuerit
775 1822 998 1886 ignorata,
1025 1839 1114 1868 non
1141 1832 1293 1868 tamen
1314 1822 1384 1869 hic
1409 1822 1617 1869 inertiam
1644 1835 1845 1871 nostram

217 1897 465 1956 excusabo,
491 1897 700 1961 quinimo
725 1913 938 1961 magnam
965 1896 1103 1943 fuisse
1132 1907 1335 1943 nostram
1364 1896 1410 1943 in
1439 1896 1680 1944 scribendo
1706 1897 1846 1962 negli-

217 1971 419 2037 gentiam
459 1972 534 2035 (vt
570 1988 652 2035 par
688 1971 777 2034 est)
818 1983 1138 2035 agnoscentes,
1171 1987 1331 2018 omnes
1361 1971 1540 2018 veniam
1582 1973 1848 2035 praeteritae

216 2047 376 2111 culpae
402 2046 634 2093 humiliter
661 2047 883 2110 petimus,
907 2047 1191 2112 firmiterque
1215 2058 1510 2110 praeceptum
1534 2046 1682 2094 Patris
1706 2048 1848 2094 nostri

218 2122 264 2169 in
287 2133 527 2186 posterum
553 2137 578 2167 a
602 2121 732 2167 nobis
755 2138 936 2185 semper
954 2122 1315 2185 adimplendum,
1332 2133 1467 2187 atque
1486 2122 1685 2186 priorem
1706 2122 1849 2187 negli-

219 2198 422 2261 gentiam
446 2195 720 2260 diligentiori
745 2197 790 2241 in
814 2195 1054 2243 scribendo
1078 2195 1364 2243 solicitudine
1388 2196 1725 2243 resartiendam.

286 2271 360 2317 De
389 2270 462 2330 iis,
488 2287 603 2335 quae
633 2270 704 2316 hic
737 2282 973 2333 geruntur,
998 2270 1216 2335 quoniam
1248 2287 1272 2316 a
1303 2270 1438 2317 Patre
1466 2281 1637 2330 nostro,
1662 2271 1849 2318 doctore

218 2344 393 2391 Torres
413 2343 442 2401 ³,
462 2342 649 2390 diffusse
672 2343 896 2401 scribitur,
917 2344 1213 2391 solummodo
1232 2345 1276 2391 in
1297 2344 1627 2409 presentiarum
1653 2345 1847 2393 scribam

219 2418 276 2466 de
303 2418 369 2477 iis,
388 2434 504 2482 quae
523 2416 757 2481 religiosus
776 2417 847 2464 ille
865 2418 1004 2464 sancti
1026 2418 1258 2465 Dominici
1282 2418 1431 2478 Pater,
1452 2418 1682 2465 Melchior
1701 2419 1846 2478 Cano,

223 2493 304 2556 (de
328 2510 422 2558 quo
446 2493 631 2557 longam
656 2490 763 2539 facit
787 2493 1067 2540 mentionem
1092 2493 1226 2540 Pater
1254 2493 1416 2540 doctor
1449 2494 1493 2540 in
1526 2493 1724 2558 quadam
1752 2494 1847 2557 epi-

220 2568 335 2616 stola
358 2568 461 2632 sua)
494 2568 701 2615 inuectus
724 2580 791 2615 est
821 2569 866 2615 in
897 2570 1012 2616 hanc
1044 2568 1335 2627 Societatem,
1361 2579 1455 2615 tam
1485 2568 1530 2614 in
1554 2567 1847 2615 concionibus

220 2643 437 2709 publicis,
462 2660 601 2709 quam
633 2643 679 2691 in
709 2644 897 2707 priuatis
924 2643 1159 2708 colloquiis
1187 2654 1233 2690 et
1275 2642 1717 2692 conuersationibus:
1755 2660 1847 2690 non

222 2729 375 2766 tamen
405 2718 560 2765 omnia
591 2718 662 2765 hic
694 2716 956 2777 recensebo,
986 2718 1064 2765 sed
1095 2734 1146 2764 ea
1177 2727 1377 2774 tantum,
1409 2733 1608 2781 quorum
1641 2717 1715 2764 vel
1756 2734 1847 2764 non

276 2871 290 2898 ¹
347 2873 405 2910 Ex
424 2876 664 2921 transumpto
684 2883 829 2910 coaevo
857 2874 895 2910 in
916 2874 990 2910 vol.
1011 2870 1145 2923 Epist.
1167 2869 1407 2918 variorum,
1430 2872 1573 2919 duplici
1594 2872 1707 2919 folio,
1728 2883 1765 2909 n.
1789 2884 1804 2910 1
1817 2884 1850 2919 1,

223 2936 330 2984 prius
350 2937 441 2983 481,
462 2937 553 2982 482.

278 2996 294 3021 2
348 2998 562 3035 Videantur
591 2993 914 3037 constitutiones
943 2993 1034 3036 Soc.
1061 2994 1149 3042 Jes.
1181 3006 1272 3034 cum
1303 3006 1451 3034 earum
1476 2992 1848 3044 declarationibus,

227 3064 323 3108 part.
345 3069 435 3107 vm,
458 3071 540 3108 cap.
560 3069 586 3107 1,
607 3060 662 3097 lit.
683 3060 725 3096 L.

282 3120 298 3146 ³
352 3123 444 3160 Erat
463 3123 503 3161 P.
525 3122 692 3160 Michael
711 3121 758 3159 de
779 3122 937 3169 Torres,
959 3122 1095 3160 domus
1115 3120 1423 3159 salmanticensis
1445 3120 1671 3159 moderator.
