2014 3528
759 273 807 315 23
838 272 993 303 Apmms
1023 260 1125 316 1556
1623 257 1700 314 289

129 371 380 437 predicare;
406 370 440 418 si
463 369 478 397 ¹
503 372 641 417 trouo
667 380 874 434 presente
905 370 933 417 il
964 370 1121 435 signor
1152 370 1375 418 Ernando
1399 380 1444 417 et
1476 368 1515 416 13
1538 369 1625 416 cita
1649 385 1756 416 cum

131 447 259 494 molti
295 446 669 511 gentilhuomini,
696 446 724 492 li
755 446 875 510 quali
908 447 1014 492 tutti
1045 457 1284 493 restorono
1314 443 1422 491 assai
1454 442 1677 502 satisfatti,
1714 454 1759 489 et

129 522 170 568 13
208 521 389 586 predica
427 521 460 567 si
502 521 769 567 continuara
810 521 917 584 ogni
955 520 1182 567 dominica
1218 532 1262 566 et
1300 518 1412 566 festa
1449 518 1493 564 in
1526 518 1566 564 la
1605 528 1759 565 nostra

130 595 307 643 chiesia.

198 668 372 715 Auanti
400 667 440 714 la
465 679 672 732 partensa
690 667 762 715 del
786 669 905 716 R.¹¹¹⁰
924 685 1119 715 vescouo
1139 668 1184 715 di
1204 678 1363 731 questa
1381 667 1470 713 cita
1490 683 1570 730 per
1592 667 1759 723 Roma,

133 745 166 790 si
192 744 311 791 diedi
337 743 497 789 ordine
521 744 564 789 di
594 743 817 807 insignare
843 744 884 789 13
913 744 1115 790 dottrina
1146 742 1387 789 christiana
1417 741 1488 787 alli
1523 740 1679 804 figlioli
1715 741 1759 787 in

134 828 292 880 questa
315 817 404 863 cita
427 817 472 862 in
505 832 562 875 14
584 817 762 876 chiesie‚
786 828 831 863 et
855 818 895 862 la
910 817 1141 864 dominica
1159 817 1192 862 si
1212 817 1480 862 commenso
1499 831 1604 862 cum
1623 814 1764 861 molta

134 890 433 938 satisfattione
457 902 502 938 et
525 903 814 939 contentetza
840 892 943 939 delli
969 892 1150 939 citadini
1177 892 1221 938 di
1248 902 1407 956 questa
1430 891 1530 937 cita.
1566 891 1608 937 Si
1637 907 1762 936 man-

134 967 316 1014 dorono
340 966 481 1013 anche
508 966 534 1012 l'
551 967 711 1014 ordine
737 985 761 1013 a
787 977 904 1014 tutte
928 967 967 1014 le
992 979 1109 1013 terre
1133 966 1248 1013 della
1272 966 1464 1024 diocese,
1496 965 1701 1012 accioche
1729 965 1762 1011 si

135 1041 310 1105 insigna
335 1041 374 1087 la
397 1041 600 1088 dottrina
622 1041 862 1088 christiana
887 1042 930 1087 in
964 1053 1082 1087 tutte
1116 1041 1153 1087 le
1186 1038 1317 1088 terre.
1350 1040 1393 1086 Si
1427 1039 1593 1086 ordino
1624 1039 1765 1086 anche

136 1128 302 1161 auanta
325 1115 366 1161 la
392 1127 610 1179 partenza
633 1115 704 1162 del
734 1116 849 1162 R.¹¹¹⁰
875 1132 1085 1174 vescouo,
1110 1115 1192 1162 che
1215 1114 1250 1160 si
1284 1114 1452 1178 legesse
1475 1114 1583 1160 duoi
1616 1113 1764 1177 giorni

136 1191 177 1236 la
210 1190 449 1237 settimana
483 1191 571 1237 casi
606 1190 650 1236 di
689 1190 962 1236 conscientia
992 1190 1079 1236 allo
1109 1190 1244 1247 clero,
1277 1200 1323 1235 et
1355 1188 1395 1234 16
1430 1187 1692 1235 dominiche
1721 1199 1767 1234 et

137 1264 248 1311 feste
282 1265 316 1311 si
350 1264 518 1329 legesse
552 1265 595 1310 in
630 1265 671 1310 la
702 1265 867 1311 chiesia
902 1265 1095 1328 magior,
1120 1264 1259 1328 dopoi
1293 1263 1331 1310 16
1365 1279 1566 1327 vespere,
1594 1262 1619 1309 Ι1
1653 1262 1765 1309 (11661

137 1339 552 1386 commandamenti
573 1339 618 1386 di
641 1339 747 1386 Dio.
772 1338 829 1386 L'
852 1356 957 1396 vn0,
976 1339 1074 1386 6106
1095 1339 1240 1403 legere
1262 1338 1287 1384 11
1307 1338 1393 1384 6331
1414 1339 1458 1385 (11
1479 1337 1766 1394 conscientia,

137 1415 413 1460 commenzo
429 1413 554 1470 hieri,
571 1413 640 1459 alli
663 1429 720 1460 22
742 1414 815 1461 del
834 1426 1058 1477 presente,
1074 1430 1178 1460 cum
1201 1429 1293 1458 vno
1312 1412 1625 1476 grandessimo
1640 1411 1768 1458 audi-

137 1488 254 1534 torio
278 1488 336 1534 da
354 1498 476 1533 tutto
503 1487 530 1533 il
550 1487 671 1534 clero
695 1499 739 1534 et
766 1488 892 1534 molti
919 1487 1272 1552 gentilhuomini
1296 1499 1342 1534 et
1365 1487 1554 1545 dottori‚
1576 1486 1602 1533 li
1629 1486 1767 1550 quali,

136 1562 338 1609 secundo
361 1562 444 1608 che
475 1562 679 1619 intendo,
705 1562 788 1609 sin'
816 1563 1056 1609 andorono
1081 1561 1306 1619 satisfatti,
1331 1573 1376 1609 et
1400 1574 1559 1627 questa
1585 1562 1770 1608 lettione

136 1637 408 1684 continuaro
432 1637 540 1700 ogni
567 1637 798 1684 mercurdi
823 1648 868 1683 et
897 1638 1108 1695 venerdi,
1140 1638 1174 1684 si
1209 1638 1405 1684 alchuno
1437 1637 1769 1702 impedimento

138 1728 231 1757 non
257 1711 299 1756 10
324 1711 584 1774 impedisce.

206 1786 275 1832 La
300 1785 485 1832 lettione
509 1785 611 1832 delli
637 1786 1054 1833 commandamenti
1082 1787 1143 1833 ho
1175 1797 1363 1850 pensato
1394 1786 1439 1833 di
1475 1785 1676 1834 differire
1708 1785 1770 1831 al-

138 1871 311 1924 quanto
344 1876 424 1923 per
460 1860 486 1906 11
518 1860 850 1924 impedimenti,
883 1861 911 1907 li
941 1860 1063 1925 quali
1094 1878 1360 1918 occorrono,
1390 1862 1580 1908 essendo
1613 1860 1770 1907 adesso

138 1945 311 1980 venuto
331 1951 424 1980 vno
443 1934 657 1997 giubileo,
676 1945 722 1980 et
740 1935 841 1981 altri
862 1936 1061 1999 respetti,
1084 1952 1165 1999 per
1190 1935 1369 1982 alchuni
1395 1935 1559 2000 giorni.
1582 1935 1642 1982 V.
1671 1934 1769 1981 R.‹¹²

138 2009 364 2072 paternita
405 2026 498 2055 non
537 2010 644 2056 cessi
678 2010 723 2057 di
764 2011 1125 2057 reccomandarci
1168 2011 1224 2058 ad
1267 2010 1405 2057 Iddio
1447 2011 1491 2056 di
1534 2011 1770 2068 continuo,

138 2084 346 2130 3661061ῑέ
371 2095 532 2148 questo
557 2084 780 2148 principio
805 2084 913 2131 dato
938 2085 1054 2131 vada
1077 2085 1323 2132 crescendo
1342 2102 1367 2131 a
1385 2084 1528 2148 gloria
1545 2084 1591 2131 di
1611 2084 1706 2130 Dio
1724 2096 1770 2131 et

137 2159 279 2204 salute
303 2159 416 2205 delle
442 2159 590 2205 anime
616 2172 767 2206 nostre
791 2171 836 2205 et
855 2158 1002 2223 quelle
1027 2159 1131 2206 delli
1156 2159 1382 2223 prossimi.

203 2232 239 2278 ΙΙ
265 2232 420 2296 signor
444 2225 665 2280 Er'nando
691 2234 748 2280 de
771 2233 899 2298 Vega
922 2233 967 2280 di
991 2234 1226 2290 continuo,
1245 2250 1352 2280 cum
1377 2233 1481 2297 quel
1507 2233 1660 2279 animo
1687 2232 1769 2279 che

137 2307 286 2371 quella
319 2323 418 2353 casa
442 2318 575 2370 porta
599 2323 733 2354 verso
765 2306 805 2352 la
830 2307 1135 2370 Compagnia,
1162 2324 1252 2353 non
1285 2325 1407 2355 cessa
1429 2308 1474 2355 di
1501 2308 1767 2372 adgiutarsi3

136 2393 180 2428 et
205 2381 372 2445 perche
399 2393 547 2428 stamo
572 2398 653 2445 per
676 2381 833 2428 adesso
858 2382 967 2428 assai
993 2381 1289 2440 incommodi,
1321 2400 1402 2429 sua
1435 2383 1633 2445 signoria
1663 2399 1769 2446 pro-

137 2473 244 2503 cura
268 2457 312 2502 di
338 2473 577 2519 comprare
602 2474 691 2502 vna
715 2473 813 2503 casa
837 2455 986 2502 vicina
1009 2472 1113 2502 cum
1134 2473 1227 2509 vno
1252 2457 1462 2520 cortiglio
1480 2456 1587 2503 assai
1608 2472 1769 2520 capace

137 2543 182 2577 et
205 2531 466 2587 commodo,
492 2531 644 2577 donde
668 2532 701 2577 31
734 2542 962 2594 potranno
990 2532 1334 2579 accommodare
1360 2549 1438 2595 per
1470 2532 1626 2579 adesso
1657 2543 1770 2577 sette

137 2621 325 2660 camere,
350 2605 465 2651 oltra
490 2606 527 2651 le
551 2605 662 2651 altre
686 2607 847 2651 stantie
874 2617 1064 2663 terrane,
1094 2605 1131 2651 16
1155 2606 1287 2669 quale
1308 2607 1572 2653 seruiranno
1589 2623 1669 2669 per
1692 2622 1770 2652 cu-

137 2679 246 2736 sina,
286 2677 521 2726 refettorio
553 2691 639 2727 etc.
675 2680 747 2726 Lo
777 2679 877 2726 1060
910 2695 1016 2726 cum
1048 2679 1114 2725 136
1145 2697 1268 2734 63336
1299 2681 1323 2727 ἐ
1354 2681 1537 2727 stimato
1572 2692 1627 2737 Δ
1664 2693 1767 2741 150.

138 2753 279 2817 Spero
309 2754 391 2800 che
420 2752 536 2817 [fra]
565 2753 699 2816 pochi
725 2754 873 2818 giorni
898 2755 932 2799 si
958 2755 1197 2816 comprara
1220 2754 1262 2801 13
1285 2772 1384 2801 6333
1413 2766 1459 2802 et
1483 2755 1516 2801 si
1547 2755 1767 2811 conciara,

138 2839 182 2873 et
206 2828 340 2874 etiam
367 2827 406 2873 la
424 2828 588 2874 chiesia
611 2829 644 2874 si
677 2828 1025 2874 accommodata
1058 2845 1139 2892 pet·
1168 2841 1325 2875 metzo
1354 2829 1425 2876 del
1455 2829 1584 2876 detto
1612 2830 1768 2893 signor

141 2901 376 2959 Ernando,
409 2902 451 2948 10
475 2902 607 2967 quale
632 2916 835 2949 monstra
858 2903 1030 2968 grande
1055 2903 1277 2950 desiderio
1304 2904 1510 2950 accioche
1534 2920 1624 2967 qua
1648 2902 1767 2949 fusse

142 2992 236 3022 vno
260 2976 416 3023 buono
438 2988 483 3023 et
506 2977 678 3041 grande
702 2977 910 3041 collegio.
940 2978 1095 3024 Credo
1119 2995 1211 3024 non
1239 2980 1373 3025 νοω-3
1392 2995 1535 3025 essere
1553 2988 1768 3024 auansato

196 3134 210 3160 ²
266 3137 338 3173 Ms.
358 3135 398 3174 si
413 3135 462 3175 sz'.

267 3218 440 3249 Eun-oux
464 3218 617 3257 ΜικτΑι,
641 3228 723 3250 Tou.
747 3229 777 3250 v.
1610 3227 1645 3259 19
