<?xml version="1.0" encoding="UTF-8"?>
<!DOCTYPE html PUBLIC "-//W3C//DTD XHTML 1.0 Transitional//EN"
    "http://www.w3.org/TR/xhtml1/DTD/xhtml1-transitional.dtd">
<html xmlns="http://www.w3.org/1999/xhtml" xml:lang="en" lang="en">
 <head>
  <title>
</title>
<meta http-equiv="Content-Type" content="text/html;charset=utf-8" />
  <meta name='ocr-system' content='tesseract 3.04.00' />
  <meta name='ocr-capabilities' content='ocr_page ocr_carea ocr_par ocr_line ocrx_word'/>
</head>
<body>
  <div class='ocr_page' id='page_1' title='image "./epistolaemixtaee05matruoft_0831.png"; bbox 0 0 2008 3510; ppageno 0'>
   <div class='ocr_carea' id='block_1_1' title="bbox 798 398 1127 453">
    <p class='ocr_par' dir='ltr' id='par_1_1' title="bbox 798 398 1127 453">
     <span class='ocr_line' id='line_1_1' title="bbox 798 398 1127 453; baseline 0.006 -2"><span class='ocrx_word' id='word_1_1' title='bbox 798 398 1127 453; x_wconf 86' lang='lat' dir='ltr'><strong>INDICES</strong></span> 
     </span>
    </p>
   </div>
   <div class='ocr_carea' id='block_1_2' title="bbox 656 585 1268 733">
    <p class='ocr_par' dir='ltr' id='par_1_2' title="bbox 656 585 1268 733">
     <span class='ocr_line' id='line_1_2' title="bbox 950 585 971 630; baseline 0 0"><span class='ocrx_word' id='word_1_2' title='bbox 950 585 971 630; x_wconf 92' lang='lat' dir='ltr'>I</span> 
     </span>
     <span class='ocr_line' id='line_1_3' title="bbox 656 676 1268 733; baseline 0.002 -1"><span class='ocrx_word' id='word_1_3' title='bbox 656 676 879 733; x_wconf 68' lang='lat' dir='ltr'>comens</span> <span class='ocrx_word' id='word_1_4' title='bbox 899 696 1050 732; x_wconf 88' lang='lat' dir='ltr'><strong>MANU</strong></span> <span class='ocrx_word' id='word_1_5' title='bbox 1079 695 1268 733; x_wconf 56' lang='lat' dir='ltr'>semem</span> 
     </span>
    </p>
   </div>
   <div class='ocr_carea' id='block_1_3' title="bbox 284 800 1636 840">
    <p class='ocr_par' dir='ltr' id='par_1_3' title="bbox 284 800 1636 840">
     <span class='ocr_line' id='line_1_4' title="bbox 284 800 1636 840; baseline -0.001 -10"><span class='ocrx_word' id='word_1_6' title='bbox 284 801 340 830; x_wconf 89' lang='lat' dir='ltr'>EX</span> <span class='ocrx_word' id='word_1_7' title='bbox 368 802 523 840; x_wconf 78' lang='lat' dir='ltr'>QUIBUS</span> <span class='ocrx_word' id='word_1_8' title='bbox 552 802 818 832; x_wconf 86' lang='lat' dir='ltr'>MONUMENTA</span> <span class='ocrx_word' id='word_1_9' title='bbox 845 802 1033 832; x_wconf 90' lang='lat' dir='ltr'>HUJUSCE</span> <span class='ocrx_word' id='word_1_10' title='bbox 1060 801 1295 831; x_wconf 85' lang='lat' dir='ltr'>VOLUMINIS</span> <span class='ocrx_word' id='word_1_11' title='bbox 1323 800 1636 830; x_wconf 85' lang='lat' dir='ltr'>DEPROMUNTUR</span> 
     </span>
    </p>
   </div>
   <div class='ocr_carea' id='block_1_4' title="bbox 149 890 1771 1127">
    <p class='ocr_par' dir='ltr' id='par_1_4' title="bbox 149 890 1771 1062">
     <span class='ocr_line' id='line_1_5' title="bbox 203 890 1769 940; baseline 0 -14"><span class='ocrx_word' id='word_1_12' title='bbox 203 890 339 928; x_wconf 86' lang='lat' dir='ltr'>Paucis</span> <span class='ocrx_word' id='word_1_13' title='bbox 373 893 560 939; x_wconf 88' lang='lat' dir='ltr'>exceptis,</span> <span class='ocrx_word' id='word_1_14' title='bbox 592 893 727 940; x_wconf 88' lang='lat' dir='ltr'>reliqui</span> <span class='ocrx_word' id='word_1_15' title='bbox 759 903 892 930; x_wconf 91' lang='lat' dir='ltr'>omnes</span> <span class='ocrx_word' id='word_1_16' title='bbox 923 893 1094 938; x_wconf 87' lang='lat' dir='ltr'>codices,</span> <span class='ocrx_word' id='word_1_17' title='bbox 1125 901 1172 928; x_wconf 89' lang='lat' dir='ltr'>ex</span> <span class='ocrx_word' id='word_1_18' title='bbox 1208 891 1345 938; x_wconf 91' lang='lat' dir='ltr'>quibus</span> <span class='ocrx_word' id='word_1_19' title='bbox 1377 894 1622 926; x_wconf 85' lang='lat' dir='ltr'>monumenta</span> <span class='ocrx_word' id='word_1_20' title='bbox 1658 890 1769 937; x_wconf 75' lang='lat' dir='ltr'>huJus</span> 
     </span>
     <span class='ocr_line' id='line_1_6' title="bbox 149 953 1771 1002; baseline 0 -14"><span class='ocrx_word' id='word_1_21' title='bbox 149 953 236 989; x_wconf 86' lang='lat' dir='ltr'>libri</span> <span class='ocrx_word' id='word_1_22' title='bbox 263 954 564 1002; x_wconf 81' lang='lat' dir='ltr'>desumpsimus,</span> <span class='ocrx_word' id='word_1_23' title='bbox 586 957 668 1002; x_wconf 89' lang='lat' dir='ltr'>jam</span> <span class='ocrx_word' id='word_1_24' title='bbox 694 956 732 991; x_wconf 88' lang='lat' dir='ltr'>in</span> <span class='ocrx_word' id='word_1_25' title='bbox 761 955 1039 1002; x_wconf 86' lang='lat' dir='ltr'>superioribus,</span> <span class='ocrx_word' id='word_1_26' title='bbox 1067 965 1166 1001; x_wconf 83' lang='lat' dir='ltr'>quae</span> <span class='ocrx_word' id='word_1_27' title='bbox 1191 953 1391 999; x_wconf 85' lang='lat' dir='ltr'>edidimus,</span> <span class='ocrx_word' id='word_1_28' title='bbox 1414 953 1673 989; x_wconf 86' lang='lat' dir='ltr'>voluminibus</span> <span class='ocrx_word' id='word_1_29' title='bbox 1699 953 1771 989; x_wconf 92' lang='lat' dir='ltr'>de-</span> 
     </span>
     <span class='ocr_line' id='line_1_7' title="bbox 149 1016 418 1062; baseline 0.004 -10"><span class='ocrx_word' id='word_1_30' title='bbox 149 1016 281 1062; x_wconf 78' lang='lat' dir='ltr'>scripti</span> <span class='ocrx_word' id='word_1_31' title='bbox 302 1016 418 1053; x_wconf 87' lang='lat' dir='ltr'>fuere.</span> 
     </span>
    </p>

    <p class='ocr_par' dir='ltr' id='par_1_5' title="bbox 203 1078 1338 1127">
     <span class='ocr_line' id='line_1_8' title="bbox 203 1078 1338 1127; baseline 0.002 -13"><span class='ocrx_word' id='word_1_32' title='bbox 203 1078 251 1115; x_wconf 90' lang='lat' dir='ltr'>Et</span> <span class='ocrx_word' id='word_1_33' title='bbox 270 1080 422 1126; x_wconf 90' lang='lat' dir='ltr'>quidem</span> <span class='ocrx_word' id='word_1_34' title='bbox 445 1080 482 1116; x_wconf 92' lang='lat' dir='ltr'>in</span> <span class='ocrx_word' id='word_1_35' title='bbox 503 1080 576 1117; x_wconf 85' lang='lat' dir='ltr'>hoc</span> <span class='ocrx_word' id='word_1_36' title='bbox 595 1080 678 1127; x_wconf 91' lang='lat' dir='ltr'>ipso</span> <span class='ocrx_word' id='word_1_37' title='bbox 699 1091 812 1126; x_wconf 86' lang='lat' dir='ltr'>opere</span> <span class='ocrx_word' id='word_1_38' title='bbox 835 1084 1039 1127; x_wconf 90' lang='lat' dir='ltr'>sequentes</span> <span class='ocrx_word' id='word_1_39' title='bbox 1060 1079 1338 1116; x_wconf 87' lang='lat' dir='ltr'>describuntur:</span> 
     </span>
    </p>
   </div>
   <div class='ocr_carea' id='block_1_5' title="bbox 143 1165 1376 2150">
    <p class='ocr_par' dir='ltr' id='par_1_6' title="bbox 149 1165 1376 1279">
     <span class='ocr_line' id='line_1_9' title="bbox 149 1165 1376 1217; baseline 0.001 -15"><span class='ocrx_word' id='word_1_40' title='bbox 149 1165 282 1203; x_wconf 88' lang='lat' dir='ltr'>Codex</span> <span class='ocrx_word' id='word_1_41' title='bbox 301 1165 428 1217; x_wconf 86' lang='lat' dir='ltr'>Epist.</span> <span class='ocrx_word' id='word_1_42' title='bbox 448 1167 612 1214; x_wconf 75' lang='lat' dir='ltr'>Mixtae,</span> <span class='ocrx_word' id='word_1_43' title='bbox 632 1166 703 1205; x_wconf 88' lang='lat' dir='ltr'>vol.</span> <span class='ocrx_word' id='word_1_44' title='bbox 727 1167 772 1214; x_wconf 89' lang='lat' dir='ltr'>C,</span> <span class='ocrx_word' id='word_1_45' title='bbox 794 1179 920 1214; x_wconf 89' lang='lat' dir='ltr'>supra,</span> <span class='ocrx_word' id='word_1_46' title='bbox 941 1173 971 1207; x_wconf 91' lang='lat' dir='ltr'>t.</span> <span class='ocrx_word' id='word_1_47' title='bbox 996 1178 1042 1212; x_wconf 85' lang='lat'>11,</span> <span class='ocrx_word' id='word_1_48' title='bbox 1065 1177 1150 1213; x_wconf 90' lang='lat' dir='ltr'>pag.</span> <span class='ocrx_word' id='word_1_49' title='bbox 1173 1167 1263 1212; x_wconf 85' lang='lat'>884,</span> <span class='ocrx_word' id='word_1_50' title='bbox 1284 1166 1376 1214; x_wconf 85' lang='lat'>885.</span> 
     </span>
     <span class='ocr_line' id='line_1_10' title="bbox 150 1228 1124 1279; baseline -0.001 -14"><span class='ocrx_word' id='word_1_51' title='bbox 150 1228 283 1265; x_wconf 86' lang='lat' dir='ltr'>Codex</span> <span class='ocrx_word' id='word_1_52' title='bbox 301 1229 428 1279; x_wconf 81' lang='lat' dir='ltr'>Epist.</span> <span class='ocrx_word' id='word_1_53' title='bbox 449 1229 610 1276; x_wconf 59' lang='lat' dir='ltr'>Mixtus,</span> <span class='ocrx_word' id='word_1_54' title='bbox 630 1228 701 1267; x_wconf 87' lang='lat' dir='ltr'>vol.</span> <span class='ocrx_word' id='word_1_55' title='bbox 724 1230 776 1276; x_wconf 88' lang='lat' dir='ltr'>D,</span> <span class='ocrx_word' id='word_1_56' title='bbox 797 1236 822 1267; x_wconf 88' lang='lat' dir='ltr'>t.</span> <span class='ocrx_word' id='word_1_57' title='bbox 846 1241 906 1276; x_wconf 93' lang='grc' dir='ltr'><strong><em>ιιι,</em></strong></span> <span class='ocrx_word' id='word_1_58' title='bbox 927 1241 1013 1277; x_wconf 89' lang='lat' dir='ltr'>pag.</span> <span class='ocrx_word' id='word_1_59' title='bbox 1037 1237 1124 1276; x_wconf 69' lang='lat'>715.</span> 
     </span>
    </p>

    <p class='ocr_par' dir='ltr' id='par_1_7' title="bbox 149 1290 1126 1342">
     <span class='ocr_line' id='line_1_11' title="bbox 149 1290 1126 1342; baseline 0 -15"><span class='ocrx_word' id='word_1_60' title='bbox 149 1290 283 1328; x_wconf 87' lang='lat' dir='ltr'>Codex</span> <span class='ocrx_word' id='word_1_61' title='bbox 301 1291 425 1342; x_wconf 80' lang='lat' dir='ltr'>Epist.</span> <span class='ocrx_word' id='word_1_62' title='bbox 447 1292 612 1339; x_wconf 79' lang='lat' dir='ltr'>Mixtae,</span> <span class='ocrx_word' id='word_1_63' title='bbox 632 1292 703 1330; x_wconf 90' lang='lat' dir='ltr'>vol.</span> <span class='ocrx_word' id='word_1_64' title='bbox 725 1293 775 1336; x_wconf 89' lang='lat' dir='ltr'>E,</span> <span class='ocrx_word' id='word_1_65' title='bbox 796 1297 822 1331; x_wconf 87' lang='lat' dir='ltr'>t.</span> <span class='ocrx_word' id='word_1_66' title='bbox 847 1304 907 1339; x_wconf 85' lang='lat'>111,</span> <span class='ocrx_word' id='word_1_67' title='bbox 928 1303 1014 1339; x_wconf 88' lang='lat' dir='ltr'>pag.</span> <span class='ocrx_word' id='word_1_68' title='bbox 1039 1291 1126 1339; x_wconf 91' lang='lat'><strong>716.</strong></span> 
     </span>
    </p>

    <p class='ocr_par' dir='ltr' id='par_1_8' title="bbox 143 1352 1107 1404">
     <span class='ocr_line' id='line_1_12' title="bbox 143 1352 1107 1404; baseline 0 -14"><span class='ocrx_word' id='word_1_69' title='bbox 143 1353 281 1390; x_wconf 90' lang='lat' dir='ltr'>Codex</span> <span class='ocrx_word' id='word_1_70' title='bbox 298 1353 424 1404; x_wconf 86' lang='lat' dir='ltr'>Epist.</span> <span class='ocrx_word' id='word_1_71' title='bbox 446 1354 609 1401; x_wconf 77' lang='lat' dir='ltr'>Mixtae,</span> <span class='ocrx_word' id='word_1_72' title='bbox 632 1352 702 1392; x_wconf 82' lang='lat' dir='ltr'>vol.</span> <span class='ocrx_word' id='word_1_73' title='bbox 725 1354 772 1402; x_wconf 87' lang='lat' dir='ltr'>F,</span> <span class='ocrx_word' id='word_1_74' title='bbox 794 1361 819 1392; x_wconf 92' lang='lat' dir='ltr'>t.</span> <span class='ocrx_word' id='word_1_75' title='bbox 843 1365 895 1402; x_wconf 85' lang='grc' dir='ltr'>ιν,</span> <span class='ocrx_word' id='word_1_76' title='bbox 918 1365 1004 1401; x_wconf 90' lang='lat' dir='ltr'>pag.</span> <span class='ocrx_word' id='word_1_77' title='bbox 1020 1355 1107 1400; x_wconf 89' lang='lat'><strong>877.</strong></span> 
     </span>
    </p>

    <p class='ocr_par' dir='ltr' id='par_1_9' title="bbox 143 1414 1348 1592">
     <span class='ocr_line' id='line_1_13' title="bbox 143 1414 1343 1469; baseline -0.002 -17"><span class='ocrx_word' id='word_1_78' title='bbox 143 1415 282 1453; x_wconf 88' lang='lat' dir='ltr'>Codex</span> <span class='ocrx_word' id='word_1_79' title='bbox 301 1414 396 1454; x_wconf 86' lang='lat' dir='ltr'>Litt.</span> <span class='ocrx_word' id='word_1_80' title='bbox 417 1415 626 1466; x_wconf 66' lang='lat' dir='ltr'>Quadrim„</span> <span class='ocrx_word' id='word_1_81' title='bbox 649 1425 904 1469; x_wconf 74' lang='grc'><em>1547-1552,</em></span> <span class='ocrx_word' id='word_1_82' title='bbox 926 1421 951 1453; x_wconf 84' lang='lat' dir='ltr'>t.</span> <span class='ocrx_word' id='word_1_83' title='bbox 975 1427 1017 1462; x_wconf 88' lang='grc' dir='ltr'>ιι,</span> <span class='ocrx_word' id='word_1_84' title='bbox 1039 1426 1125 1462; x_wconf 83' lang='lat' dir='ltr'>pag.</span> <span class='ocrx_word' id='word_1_85' title='bbox 1146 1414 1235 1462; x_wconf 88' lang='lat'><strong>885,</strong></span> <span class='ocrx_word' id='word_1_86' title='bbox 1256 1414 1343 1451; x_wconf 90' lang='lat'>886.</span> 
     </span>
     <span class='ocr_line' id='line_1_14' title="bbox 147 1477 1348 1531; baseline -0.001 -17"><span class='ocrx_word' id='word_1_87' title='bbox 147 1477 280 1515; x_wconf 88' lang='lat' dir='ltr'>Codex</span> <span class='ocrx_word' id='word_1_88' title='bbox 298 1478 394 1517; x_wconf 88' lang='lat' dir='ltr'>Litt.</span> <span class='ocrx_word' id='word_1_89' title='bbox 415 1478 625 1529; x_wconf 65' lang='lat' dir='ltr'>Quadrim„</span> <span class='ocrx_word' id='word_1_90' title='bbox 646 1488 907 1531; x_wconf 72' lang='lat'><em>1553-1554,</em></span> <span class='ocrx_word' id='word_1_91' title='bbox 929 1484 953 1517; x_wconf 90' lang='lat' dir='ltr'>t.</span> <span class='ocrx_word' id='word_1_92' title='bbox 977 1490 1020 1525; x_wconf 83' lang='grc' dir='ltr'>ιι,</span> <span class='ocrx_word' id='word_1_93' title='bbox 1041 1489 1127 1525; x_wconf 90' lang='lat' dir='ltr'>pag.</span> <span class='ocrx_word' id='word_1_94' title='bbox 1148 1478 1237 1524; x_wconf 90' lang='lat'><em>886,</em></span> <span class='ocrx_word' id='word_1_95' title='bbox 1259 1477 1348 1524; x_wconf 88' lang='lat'>887.</span> 
     </span>
     <span class='ocr_line' id='line_1_15' title="bbox 147 1539 1110 1592; baseline 0.001 -16"><span class='ocrx_word' id='word_1_96' title='bbox 147 1540 279 1577; x_wconf 89' lang='lat' dir='ltr'>Codex</span> <span class='ocrx_word' id='word_1_97' title='bbox 297 1539 393 1578; x_wconf 86' lang='lat' dir='ltr'>Litt.</span> <span class='ocrx_word' id='word_1_98' title='bbox 414 1540 624 1591; x_wconf 70' lang='lat' dir='ltr'>Quadrim„</span> <span class='ocrx_word' id='word_1_99' title='bbox 647 1551 777 1592; x_wconf 87' lang='grc'><em>1555,</em></span> <span class='ocrx_word' id='word_1_100' title='bbox 798 1547 823 1579; x_wconf 91' lang='lat' dir='ltr'>t.</span> <span class='ocrx_word' id='word_1_101' title='bbox 848 1553 891 1588; x_wconf 90' lang='lat'>11,</span> <span class='ocrx_word' id='word_1_102' title='bbox 912 1552 998 1588; x_wconf 91' lang='lat' dir='ltr'>pag.</span> <span class='ocrx_word' id='word_1_103' title='bbox 1022 1541 1110 1588; x_wconf 88' lang='lat'>887.</span> 
     </span>
    </p>

    <p class='ocr_par' dir='ltr' id='par_1_10' title="bbox 146 1601 1110 1654">
     <span class='ocr_line' id='line_1_16' title="bbox 146 1601 1110 1654; baseline -0.001 -15"><span class='ocrx_word' id='word_1_104' title='bbox 146 1601 280 1639; x_wconf 90' lang='lat' dir='ltr'>Codex</span> <span class='ocrx_word' id='word_1_105' title='bbox 298 1602 392 1640; x_wconf 90' lang='lat' dir='ltr'>Litt.</span> <span class='ocrx_word' id='word_1_106' title='bbox 414 1601 624 1653; x_wconf 63' lang='lat' dir='ltr'>Quadrim„</span> <span class='ocrx_word' id='word_1_107' title='bbox 648 1601 776 1654; x_wconf 81' lang='grc'><em>1556,</em></span> <span class='ocrx_word' id='word_1_108' title='bbox 797 1609 821 1640; x_wconf 88' lang='lat' dir='ltr'>t.</span> <span class='ocrx_word' id='word_1_109' title='bbox 847 1615 889 1650; x_wconf 88' lang='grc' dir='ltr'>ιι,</span> <span class='ocrx_word' id='word_1_110' title='bbox 911 1614 998 1650; x_wconf 88' lang='lat' dir='ltr'>pag.</span> <span class='ocrx_word' id='word_1_111' title='bbox 1023 1603 1110 1649; x_wconf 90' lang='lat'>887.</span> 
     </span>
    </p>

    <p class='ocr_par' dir='ltr' id='par_1_11' title="bbox 145 1654 997 1714">
     <span class='ocr_line' id='line_1_17' title="bbox 145 1654 997 1714; baseline -0.002 -11"><span class='ocrx_word' id='word_1_112' title='bbox 145 1654 279 1703; x_wconf 82' lang='lat' dir='ltr'>Codex</span> <span class='ocrx_word' id='word_1_113' title='bbox 299 1664 683 1713; x_wconf 79' lang='lat' dir='ltr'>Goan.—Malabar.,</span> <span class='ocrx_word' id='word_1_114' title='bbox 703 1672 729 1704; x_wconf 94' lang='lat' dir='ltr'>t.</span> <span class='ocrx_word' id='word_1_115' title='bbox 754 1678 778 1713; x_wconf 87' lang='lat'>1,</span> <span class='ocrx_word' id='word_1_116' title='bbox 800 1677 886 1714; x_wconf 91' lang='lat' dir='ltr'>pag.</span> <span class='ocrx_word' id='word_1_117' title='bbox 909 1666 997 1702; x_wconf 90' lang='lat'>602.</span> 
     </span>
    </p>

    <p class='ocr_par' dir='ltr' id='par_1_12' title="bbox 146 1726 1147 1778">
     <span class='ocr_line' id='line_1_18' title="bbox 146 1726 1147 1778; baseline 0 -14"><span class='ocrx_word' id='word_1_118' title='bbox 146 1726 280 1764; x_wconf 89' lang='lat' dir='ltr'>Codex</span> <span class='ocrx_word' id='word_1_119' title='bbox 298 1727 424 1778; x_wconf 82' lang='lat' dir='ltr'>Epist.</span> <span class='ocrx_word' id='word_1_120' title='bbox 445 1726 685 1775; x_wconf 70' lang='lat' dir='ltr'>diversorum,</span> <span class='ocrx_word' id='word_1_121' title='bbox 707 1733 732 1766; x_wconf 90' lang='lat' dir='ltr'>t.</span> <span class='ocrx_word' id='word_1_122' title='bbox 755 1740 815 1775; x_wconf 85' lang='grc' dir='ltr'><strong><em>ιιι,</em></strong></span> <span class='ocrx_word' id='word_1_123' title='bbox 835 1739 921 1775; x_wconf 85' lang='lat' dir='ltr'>pag.</span> <span class='ocrx_word' id='word_1_124' title='bbox 947 1738 1035 1774; x_wconf 91' lang='lat'>717,</span> <span class='ocrx_word' id='word_1_125' title='bbox 1060 1727 1147 1773; x_wconf 75' lang='lat'>718.</span> 
     </span>
    </p>

    <p class='ocr_par' dir='ltr' id='par_1_13' title="bbox 147 1786 1249 1902">
     <span class='ocr_line' id='line_1_19' title="bbox 147 1786 1249 1840; baseline 0.002 -15"><span class='ocrx_word' id='word_1_126' title='bbox 147 1787 280 1825; x_wconf 84' lang='lat' dir='ltr'>Codex</span> <span class='ocrx_word' id='word_1_127' title='bbox 297 1786 589 1836; x_wconf 80' lang='lat' dir='ltr'>Informationes</span> <span class='ocrx_word' id='word_1_128' title='bbox 607 1790 794 1840; x_wconf 72' lang='lat' dir='ltr'>autiquae,</span> <span class='ocrx_word' id='word_1_129' title='bbox 815 1794 840 1828; x_wconf 92' lang='lat' dir='ltr'>t.</span> <span class='ocrx_word' id='word_1_130' title='bbox 866 1800 918 1835; x_wconf 84' lang='grc' dir='ltr'>ιν,</span> <span class='ocrx_word' id='word_1_131' title='bbox 938 1799 1026 1835; x_wconf 84' lang='lat' dir='ltr'>pag.</span> <span class='ocrx_word' id='word_1_132' title='bbox 1049 1788 1137 1835; x_wconf 88' lang='lat'><em>878,</em></span> <span class='ocrx_word' id='word_1_133' title='bbox 1160 1787 1249 1833; x_wconf 84' lang='lat'><strong>879·</strong></span> 
     </span>
     <span class='ocr_line' id='line_1_20' title="bbox 148 1850 986 1902; baseline 0 -15"><span class='ocrx_word' id='word_1_134' title='bbox 148 1850 280 1887; x_wconf 89' lang='lat' dir='ltr'>Codex</span> <span class='ocrx_word' id='word_1_135' title='bbox 298 1851 426 1901; x_wconf 81' lang='lat' dir='ltr'>Epist.</span> <span class='ocrx_word' id='word_1_136' title='bbox 443 1851 672 1902; x_wconf 81' lang='lat' dir='ltr'>principum,</span> <span class='ocrx_word' id='word_1_137' title='bbox 693 1859 719 1899; x_wconf 91' lang='lat' dir='ltr'>t,</span> <span class='ocrx_word' id='word_1_138' title='bbox 743 1864 767 1899; x_wconf 89' lang='grc' dir='ltr'>ι,</span> <span class='ocrx_word' id='word_1_139' title='bbox 787 1863 874 1899; x_wconf 86' lang='lat' dir='ltr'>pag.</span> <span class='ocrx_word' id='word_1_140' title='bbox 898 1857 986 1889; x_wconf 81' lang='lat'>002.</span> 
     </span>
    </p>

    <p class='ocr_par' dir='ltr' id='par_1_14' title="bbox 149 1913 1020 1965">
     <span class='ocr_line' id='line_1_21' title="bbox 149 1913 1020 1965; baseline 0 -15"><span class='ocrx_word' id='word_1_141' title='bbox 149 1913 280 1950; x_wconf 92' lang='lat' dir='ltr'>Codex</span> <span class='ocrx_word' id='word_1_142' title='bbox 298 1913 423 1965; x_wconf 82' lang='lat' dir='ltr'>Epist.</span> <span class='ocrx_word' id='word_1_143' title='bbox 442 1914 708 1965; x_wconf 75' lang='lat' dir='ltr'>episcoporum,</span> <span class='ocrx_word' id='word_1_144' title='bbox 729 1921 754 1952; x_wconf 93' lang='lat' dir='ltr'>t.</span> <span class='ocrx_word' id='word_1_145' title='bbox 778 1927 804 1962; x_wconf 84' lang='lat'>1,</span> <span class='ocrx_word' id='word_1_146' title='bbox 824 1926 910 1962; x_wconf 86' lang='lat' dir='ltr'>pag.</span> <span class='ocrx_word' id='word_1_147' title='bbox 931 1915 1020 1952; x_wconf 85' lang='lat'>601.</span> 
     </span>
    </p>

    <p class='ocr_par' dir='ltr' id='par_1_15' title="bbox 149 1975 1132 2026">
     <span class='ocr_line' id='line_1_22' title="bbox 149 1975 1132 2026; baseline -0.002 -13"><span class='ocrx_word' id='word_1_148' title='bbox 149 1976 280 2013; x_wconf 91' lang='lat' dir='ltr'>Codex</span> <span class='ocrx_word' id='word_1_149' title='bbox 298 1976 422 2026; x_wconf 85' lang='lat' dir='ltr'>Epist.</span> <span class='ocrx_word' id='word_1_150' title='bbox 443 1975 707 2023; x_wconf 81' lang='lat' dir='ltr'>cardinalium,</span> <span class='ocrx_word' id='word_1_151' title='bbox 729 1983 750 2016; x_wconf 92' lang='lat' dir='ltr'>t.</span> <span class='ocrx_word' id='word_1_152' title='bbox 779 1989 803 2024; x_wconf 84' lang='lat'>1,</span> <span class='ocrx_word' id='word_1_153' title='bbox 825 1989 911 2024; x_wconf 90' lang='lat' dir='ltr'>pag.</span> <span class='ocrx_word' id='word_1_154' title='bbox 934 1978 1022 2023; x_wconf 87' lang='lat'><em>601,</em></span> <span class='ocrx_word' id='word_1_155' title='bbox 1043 1977 1132 2012; x_wconf 90' lang='lat'>602.</span> 
     </span>
    </p>

    <p class='ocr_par' dir='ltr' id='par_1_16' title="bbox 149 2036 1073 2087">
     <span class='ocr_line' id='line_1_23' title="bbox 149 2036 1073 2087; baseline 0.002 -15"><span class='ocrx_word' id='word_1_156' title='bbox 149 2036 281 2073; x_wconf 88' lang='lat' dir='ltr'>Codex</span> <span class='ocrx_word' id='word_1_157' title='bbox 298 2038 424 2087; x_wconf 87' lang='lat' dir='ltr'>Epist.</span> <span class='ocrx_word' id='word_1_158' title='bbox 445 2037 761 2085; x_wconf 86' lang='lat' dir='ltr'>communitatum,</span> <span class='ocrx_word' id='word_1_159' title='bbox 782 2044 807 2075; x_wconf 87' lang='lat' dir='ltr'>t.</span> <span class='ocrx_word' id='word_1_160' title='bbox 832 2049 856 2086; x_wconf 87' lang='lat'>1,</span> <span class='ocrx_word' id='word_1_161' title='bbox 876 2050 962 2086; x_wconf 90' lang='lat' dir='ltr'>pag.</span> <span class='ocrx_word' id='word_1_162' title='bbox 985 2039 1073 2075; x_wconf 90' lang='lat'>602.</span> 
     </span>
    </p>

    <p class='ocr_par' dir='ltr' id='par_1_17' title="bbox 148 2098 1188 2150">
     <span class='ocr_line' id='line_1_24' title="bbox 148 2098 1188 2150; baseline 0 -14"><span class='ocrx_word' id='word_1_163' title='bbox 148 2099 280 2136; x_wconf 90' lang='lat' dir='ltr'>Codex</span> <span class='ocrx_word' id='word_1_164' title='bbox 301 2099 441 2137; x_wconf 84' lang='lat' dir='ltr'>Cartas</span> <span class='ocrx_word' id='word_1_165' title='bbox 459 2098 501 2136; x_wconf 81' lang='lat' dir='ltr'>de</span> <span class='ocrx_word' id='word_1_166' title='bbox 514 2101 690 2150; x_wconf 79' lang='lat' dir='ltr'>personas</span> <span class='ocrx_word' id='word_1_167' title='bbox 708 2100 867 2148; x_wconf 56' lang='lat' dir='ltr'>celebres,</span> <span class='ocrx_word' id='word_1_168' title='bbox 890 2106 915 2148; x_wconf 90' lang='lat' dir='ltr'>t,</span> <span class='ocrx_word' id='word_1_169' title='bbox 940 2113 965 2147; x_wconf 83' lang='grc' dir='ltr'>ι,</span> <span class='ocrx_word' id='word_1_170' title='bbox 987 2112 1073 2148; x_wconf 88' lang='lat' dir='ltr'>pag.</span> <span class='ocrx_word' id='word_1_171' title='bbox 1097 2101 1188 2137; x_wconf 88' lang='lat'>602.</span> 
     </span>
    </p>
   </div>
   <div class='ocr_carea' id='block_1_6' title="bbox 199 2205 1229 2257">
    <p class='ocr_par' dir='ltr' id='par_1_18' title="bbox 199 2205 1229 2257">
     <span class='ocr_line' id='line_1_25' title="bbox 199 2205 1229 2257; baseline 0.003 -15"><span class='ocrx_word' id='word_1_172' title='bbox 199 2206 243 2242; x_wconf 93' lang='lat' dir='ltr'>In</span> <span class='ocrx_word' id='word_1_173' title='bbox 262 2217 376 2252; x_wconf 88' lang='lat' dir='ltr'>opere</span> <span class='ocrx_word' id='word_1_174' title='bbox 395 2217 487 2243; x_wconf 85' lang='lat' dir='ltr'>vero</span> <span class='ocrx_word' id='word_1_175' title='bbox 509 2205 660 2257; x_wconf 81' lang='lat' dir='ltr'>«Epist.</span> <span class='ocrx_word' id='word_1_176' title='bbox 679 2205 728 2245; x_wconf 82' lang='lat' dir='ltr'>P.</span> <span class='ocrx_word' id='word_1_177' title='bbox 747 2205 902 2244; x_wconf 64' lang='lat' dir='ltr'>Nadab</span> <span class='ocrx_word' id='word_1_178' title='bbox 925 2208 1109 2255; x_wconf 87' lang='lat' dir='ltr'>descripti</span> <span class='ocrx_word' id='word_1_179' title='bbox 1129 2212 1229 2245; x_wconf 88' lang='lat' dir='ltr'>sunt:</span> 
     </span>
    </p>
   </div>
   <div class='ocr_carea' id='block_1_7' title="bbox 148 2294 1165 2469">
    <p class='ocr_par' dir='ltr' id='par_1_19' title="bbox 148 2294 1165 2469">
     <span class='ocr_line' id='line_1_26' title="bbox 148 2294 1053 2343; baseline 0.003 -12"><span class='ocrx_word' id='word_1_180' title='bbox 148 2294 280 2331; x_wconf 89' lang='lat' dir='ltr'>Codex</span> <span class='ocrx_word' id='word_1_181' title='bbox 301 2294 424 2332; x_wconf 78' lang='lat' dir='ltr'>Varia</span> <span class='ocrx_word' id='word_1_182' title='bbox 444 2294 635 2340; x_wconf 78' lang='lat' dir='ltr'>Historia,</span> <span class='ocrx_word' id='word_1_183' title='bbox 657 2300 681 2332; x_wconf 91' lang='lat' dir='ltr'>t.</span> <span class='ocrx_word' id='word_1_184' title='bbox 707 2308 730 2343; x_wconf 87' lang='lat'>1,</span> <span class='ocrx_word' id='word_1_185' title='bbox 751 2307 838 2343; x_wconf 88' lang='lat' dir='ltr'>pag.</span> <span class='ocrx_word' id='word_1_186' title='bbox 862 2307 949 2342; x_wconf 73' lang='lat' dir='ltr'>mn,</span> <span class='ocrx_word' id='word_1_187' title='bbox 972 2307 1053 2334; x_wconf 81' lang='lat' dir='ltr'>Liv.</span> 
     </span>
     <span class='ocr_line' id='line_1_27' title="bbox 150 2354 1165 2415; baseline 0.004 -22"><span class='ocrx_word' id='word_1_188' title='bbox 150 2356 282 2394; x_wconf 88' lang='lat' dir='ltr'>Codex</span> <span class='ocrx_word' id='word_1_189' title='bbox 299 2356 426 2407; x_wconf 81' lang='lat' dir='ltr'>Epist.</span> <span class='ocrx_word' id='word_1_190' title='bbox 446 2354 487 2396; x_wconf 80' lang='lat' dir='ltr'>S.</span> <span class='ocrx_word' id='word_1_191' title='bbox 508 2356 645 2395; x_wconf 80' lang='lat' dir='ltr'>Franc.</span> <span class='ocrx_word' id='word_1_192' title='bbox 668 2358 851 2406; x_wconf 70' lang='lat' dir='ltr'>Borgiae,</span> <span class='ocrx_word' id='word_1_193' title='bbox 872 2363 896 2395; x_wconf 91' lang='lat' dir='ltr'>t.</span> <span class='ocrx_word' id='word_1_194' title='bbox 920 2370 946 2415; x_wconf 77' lang='lat' dir='ltr'>r,</span> <span class='ocrx_word' id='word_1_195' title='bbox 966 2370 1054 2406; x_wconf 88' lang='lat' dir='ltr'>pag.</span> <span class='ocrx_word' id='word_1_196' title='bbox 1077 2370 1165 2398; x_wconf 76' lang='lat' dir='ltr'>LxV.</span> 
     </span>
     <span class='ocr_line' id='line_1_28' title="bbox 152 2417 986 2469; baseline 0.005 -15"><span class='ocrx_word' id='word_1_197' title='bbox 152 2418 283 2455; x_wconf 89' lang='lat' dir='ltr'>Codex</span> <span class='ocrx_word' id='word_1_198' title='bbox 301 2417 424 2468; x_wconf 87' lang='lat' dir='ltr'>Epist.</span> <span class='ocrx_word' id='word_1_199' title='bbox 447 2418 667 2469; x_wconf 83' lang='lat' dir='ltr'>Hispaniae,</span> <span class='ocrx_word' id='word_1_200' title='bbox 688 2426 713 2456; x_wconf 90' lang='lat' dir='ltr'>t.</span> <span class='ocrx_word' id='word_1_201' title='bbox 737 2431 761 2466; x_wconf 85' lang='grc' dir='ltr'>ι,</span> <span class='ocrx_word' id='word_1_202' title='bbox 782 2431 868 2467; x_wconf 89' lang='lat' dir='ltr'>pag.</span> <span class='ocrx_word' id='word_1_203' title='bbox 892 2431 986 2458; x_wconf 72' lang='lat' dir='ltr'>an.</span> 
     </span>
    </p>
   </div>
   <div class='ocr_carea' id='block_1_8' title="bbox 149 2538 1770 3148">
    <p class='ocr_par' dir='ltr' id='par_1_20' title="bbox 154 2538 1767 2778">
     <span class='ocr_line' id='line_1_29' title="bbox 206 2538 1765 2591; baseline -0.003 -13"><span class='ocrx_word' id='word_1_204' title='bbox 206 2543 363 2580; x_wconf 88' lang='lat' dir='ltr'>Restant</span> <span class='ocrx_word' id='word_1_205' title='bbox 388 2543 629 2579; x_wconf 87' lang='lat' dir='ltr'>describendi</span> <span class='ocrx_word' id='word_1_206' title='bbox 655 2544 808 2581; x_wconf 90' lang='lat' dir='ltr'>codices</span> <span class='ocrx_word' id='word_1_207' title='bbox 833 2547 922 2591; x_wconf 82' lang='lat' dir='ltr'>tres,</span> <span class='ocrx_word' id='word_1_208' title='bbox 954 2544 1140 2591; x_wconf 88' lang='lat' dir='ltr'>epistolas</span> <span class='ocrx_word' id='word_1_209' title='bbox 1164 2543 1402 2580; x_wconf 87' lang='lat' dir='ltr'>continentes</span> <span class='ocrx_word' id='word_1_210' title='bbox 1430 2540 1584 2576; x_wconf 90' lang='lat' dir='ltr'>Patrum</span> <span class='ocrx_word' id='word_1_211' title='bbox 1612 2538 1765 2583; x_wconf 87' lang='lat' dir='ltr'>Lainez,</span> 
     </span>
     <span class='ocr_line' id='line_1_30' title="bbox 154 2600 1766 2650; baseline -0.003 -10"><span class='ocrx_word' id='word_1_212' title='bbox 154 2605 321 2641; x_wconf 89' lang='lat' dir='ltr'>Polanco</span> <span class='ocrx_word' id='word_1_213' title='bbox 347 2616 393 2642; x_wconf 91' lang='lat' dir='ltr'>ac</span> <span class='ocrx_word' id='word_1_214' title='bbox 418 2605 680 2642; x_wconf 89' lang='lat' dir='ltr'>Rivadeneira.</span> <span class='ocrx_word' id='word_1_215' title='bbox 715 2605 792 2642; x_wconf 89' lang='lat' dir='ltr'>Sed</span> <span class='ocrx_word' id='word_1_216' title='bbox 826 2617 912 2643; x_wconf 90' lang='lat' dir='ltr'>cum</span> <span class='ocrx_word' id='word_1_217' title='bbox 938 2607 985 2642; x_wconf 92' lang='lat' dir='ltr'>de</span> <span class='ocrx_word' id='word_1_218' title='bbox 1015 2607 1074 2643; x_wconf 89' lang='lat' dir='ltr'>his</span> <span class='ocrx_word' id='word_1_219' title='bbox 1103 2606 1278 2643; x_wconf 83' lang='lat' dir='ltr'>Patribus</span> <span class='ocrx_word' id='word_1_220' title='bbox 1310 2602 1532 2650; x_wconf 88' lang='lat' dir='ltr'>singillatim</span> <span class='ocrx_word' id='word_1_221' title='bbox 1560 2600 1766 2646; x_wconf 89' lang='lat' dir='ltr'>volumina,</span> 
     </span>
     <span class='ocr_line' id='line_1_31' title="bbox 155 2663 1767 2716; baseline -0.002 -14"><span class='ocrx_word' id='word_1_222' title='bbox 155 2667 359 2714; x_wconf 88' lang='lat' dir='ltr'>unicuique</span> <span class='ocrx_word' id='word_1_223' title='bbox 378 2667 544 2713; x_wconf 90' lang='lat' dir='ltr'>propria,</span> <span class='ocrx_word' id='word_1_224' title='bbox 565 2678 635 2704; x_wconf 92' lang='lat' dir='ltr'>suo</span> <span class='ocrx_word' id='word_1_225' title='bbox 651 2672 820 2715; x_wconf 88' lang='lat' dir='ltr'>ternpore</span> <span class='ocrx_word' id='word_1_226' title='bbox 841 2670 989 2705; x_wconf 90' lang='lat' dir='ltr'>edenda</span> <span class='ocrx_word' id='word_1_227' title='bbox 1008 2669 1095 2716; x_wconf 90' lang='lat' dir='ltr'>sint,</span> <span class='ocrx_word' id='word_1_228' title='bbox 1117 2669 1237 2705; x_wconf 88' lang='lat' dir='ltr'>satius</span> <span class='ocrx_word' id='word_1_229' title='bbox 1254 2667 1378 2703; x_wconf 88' lang='lat' dir='ltr'>visum</span> <span class='ocrx_word' id='word_1_230' title='bbox 1399 2669 1457 2701; x_wconf 89' lang='lat' dir='ltr'>est</span> <span class='ocrx_word' id='word_1_231' title='bbox 1473 2663 1767 2709; x_wconf 88' lang='lat' dir='ltr'>descriptionem</span> 
     </span>
     <span class='ocr_line' id='line_1_32' title="bbox 154 2727 1527 2778; baseline -0.002 -14"><span class='ocrx_word' id='word_1_232' title='bbox 154 2729 306 2764; x_wconf 91' lang='lat' dir='ltr'>illorum</span> <span class='ocrx_word' id='word_1_233' title='bbox 328 2729 516 2774; x_wconf 90' lang='lat' dir='ltr'>codicum,</span> <span class='ocrx_word' id='word_1_234' title='bbox 536 2729 575 2765; x_wconf 93' lang='lat' dir='ltr'>in</span> <span class='ocrx_word' id='word_1_235' title='bbox 594 2740 774 2775; x_wconf 89' lang='lat' dir='ltr'>praesens</span> <span class='ocrx_word' id='word_1_236' title='bbox 793 2731 988 2778; x_wconf 90' lang='lat' dir='ltr'>omissam,</span> <span class='ocrx_word' id='word_1_237' title='bbox 1010 2732 1058 2768; x_wconf 91' lang='lat' dir='ltr'>ad</span> <span class='ocrx_word' id='word_1_238' title='bbox 1077 2731 1172 2768; x_wconf 93' lang='lat' dir='ltr'>illud</span> <span class='ocrx_word' id='word_1_239' title='bbox 1193 2735 1341 2775; x_wconf 89' lang='lat' dir='ltr'>tempus</span> <span class='ocrx_word' id='word_1_240' title='bbox 1362 2727 1527 2774; x_wconf 91' lang='lat' dir='ltr'>rejicere.</span> 
     </span>
    </p>

    <p class='ocr_par' dir='ltr' id='par_1_21' title="bbox 149 2788 1770 3148">
     <span class='ocr_line' id='line_1_33' title="bbox 208 2788 1769 2840; baseline -0.003 -15"><span class='ocrx_word' id='word_1_241' title='bbox 208 2790 361 2826; x_wconf 87' lang='lat' dir='ltr'>Praeter</span> <span class='ocrx_word' id='word_1_242' title='bbox 380 2791 587 2827; x_wconf 90' lang='lat' dir='ltr'>recensitos</span> <span class='ocrx_word' id='word_1_243' title='bbox 607 2792 771 2838; x_wconf 91' lang='lat' dir='ltr'>codices,</span> <span class='ocrx_word' id='word_1_244' title='bbox 793 2803 839 2828; x_wconf 90' lang='lat' dir='ltr'>ex</span> <span class='ocrx_word' id='word_1_245' title='bbox 859 2793 996 2839; x_wconf 90' lang='lat' dir='ltr'>quibus</span> <span class='ocrx_word' id='word_1_246' title='bbox 1017 2794 1201 2840; x_wconf 86' lang='lat' dir='ltr'>epistolas</span> <span class='ocrx_word' id='word_1_247' title='bbox 1227 2793 1338 2839; x_wconf 88' lang='lat' dir='ltr'>hujus</span> <span class='ocrx_word' id='word_1_248' title='bbox 1363 2789 1569 2827; x_wconf 85' lang='lat' dir='ltr'>voluminis</span> <span class='ocrx_word' id='word_1_249' title='bbox 1596 2788 1769 2832; x_wconf 88' lang='lat' dir='ltr'>deprom-</span> 
     </span>
     <span class='ocr_line' id='line_1_34' title="bbox 154 2849 1770 2902; baseline -0.003 -14"><span class='ocrx_word' id='word_1_250' title='bbox 154 2857 241 2899; x_wconf 86' lang='lat' dir='ltr'>ptas</span> <span class='ocrx_word' id='word_1_251' title='bbox 261 2863 344 2889; x_wconf 89' lang='lat' dir='ltr'>esse</span> <span class='ocrx_word' id='word_1_252' title='bbox 365 2858 532 2899; x_wconf 88' lang='lat' dir='ltr'>constat,</span> <span class='ocrx_word' id='word_1_253' title='bbox 553 2853 722 2890; x_wconf 87' lang='lat' dir='ltr'>inveniet</span> <span class='ocrx_word' id='word_1_254' title='bbox 742 2855 856 2891; x_wconf 85' lang='lat' dir='ltr'>etiam</span> <span class='ocrx_word' id='word_1_255' title='bbox 876 2857 996 2892; x_wconf 89' lang='lat' dir='ltr'>lector</span> <span class='ocrx_word' id='word_1_256' title='bbox 1016 2855 1222 2902; x_wconf 86' lang='lat' dir='ltr'>aliquando</span> <span class='ocrx_word' id='word_1_257' title='bbox 1242 2854 1312 2890; x_wconf 88' lang='lat' dir='ltr'>sub</span> <span class='ocrx_word' id='word_1_258' title='bbox 1333 2854 1501 2898; x_wconf 86' lang='lat' dir='ltr'>ipsarum</span> <span class='ocrx_word' id='word_1_259' title='bbox 1521 2850 1671 2886; x_wconf 89' lang='lat' dir='ltr'>initium</span> <span class='ocrx_word' id='word_1_260' title='bbox 1690 2849 1770 2884; x_wconf 93' lang='lat' dir='ltr'>hu-</span> 
     </span>
     <span class='ocr_line' id='line_1_35' title="bbox 149 2911 1766 2968; baseline -0.004 -17"><span class='ocrx_word' id='word_1_261' title='bbox 149 2916 318 2962; x_wconf 85' lang='lat' dir='ltr'>jusmodi</span> <span class='ocrx_word' id='word_1_262' title='bbox 351 2916 598 2963; x_wconf 89' lang='lat' dir='ltr'>signaturam:</span> <span class='ocrx_word' id='word_1_263' title='bbox 636 2917 698 2953; x_wconf 90' lang='lat' dir='ltr'>‹in</span> <span class='ocrx_word' id='word_1_264' title='bbox 730 2918 806 2954; x_wconf 87' lang='lat' dir='ltr'>vol.</span> <span class='ocrx_word' id='word_1_265' title='bbox 843 2917 969 2968; x_wconf 83' lang='lat' dir='ltr'>Epist.</span> <span class='ocrx_word' id='word_1_266' title='bbox 1003 2917 1226 2955; x_wconf 80' lang='lat' dir='ltr'>variorum».</span> <span class='ocrx_word' id='word_1_267' title='bbox 1262 2916 1334 2952; x_wconf 88' lang='lat' dir='ltr'>Hic</span> <span class='ocrx_word' id='word_1_268' title='bbox 1365 2924 1456 2950; x_wconf 91' lang='lat' dir='ltr'>vero</span> <span class='ocrx_word' id='word_1_269' title='bbox 1489 2922 1611 2949; x_wconf 89' lang='lat' dir='ltr'>novus</span> <span class='ocrx_word' id='word_1_270' title='bbox 1643 2911 1766 2947; x_wconf 88' lang='lat' dir='ltr'>codex</span> 
     </span>
     <span class='ocr_line' id='line_1_36' title="bbox 155 2973 1766 3025; baseline -0.004 -11"><span class='ocrx_word' id='word_1_271' title='bbox 155 2980 340 3014; x_wconf 84' lang='lat' dir='ltr'>hactenus</span> <span class='ocrx_word' id='word_1_272' title='bbox 360 2979 557 3015; x_wconf 89' lang='lat' dir='ltr'>absolutus</span> <span class='ocrx_word' id='word_1_273' title='bbox 583 2989 659 3014; x_wconf 91' lang='lat' dir='ltr'>non</span> <span class='ocrx_word' id='word_1_274' title='bbox 680 2984 749 3025; x_wconf 88' lang='lat' dir='ltr'>est;</span> <span class='ocrx_word' id='word_1_275' title='bbox 771 2989 816 3016; x_wconf 92' lang='lat' dir='ltr'>eo</span> <span class='ocrx_word' id='word_1_276' title='bbox 837 2983 965 3016; x_wconf 87' lang='lat' dir='ltr'>tamen</span> <span class='ocrx_word' id='word_1_277' title='bbox 991 2980 1143 3016; x_wconf 92' lang='lat' dir='ltr'>nomine</span> <span class='ocrx_word' id='word_1_278' title='bbox 1164 2978 1307 3025; x_wconf 85' lang='lat' dir='ltr'>placuit</span> <span class='ocrx_word' id='word_1_279' title='bbox 1327 2977 1485 3020; x_wconf 88' lang='lat' dir='ltr'>interea,</span> <span class='ocrx_word' id='word_1_280' title='bbox 1506 2976 1554 3010; x_wconf 91' lang='lat' dir='ltr'>ad</span> <span class='ocrx_word' id='word_1_281' title='bbox 1574 2973 1766 3019; x_wconf 91' lang='lat' dir='ltr'>privatum</span> 
     </span>
     <span class='ocr_line' id='line_1_37' title="bbox 156 3035 1766 3087; baseline -0.005 -11"><span class='ocrx_word' id='word_1_282' title='bbox 156 3050 277 3087; x_wconf 88' lang='lat' dir='ltr'>usum,</span> <span class='ocrx_word' id='word_1_283' title='bbox 301 3040 472 3076; x_wconf 87' lang='lat' dir='ltr'>codicem</span> <span class='ocrx_word' id='word_1_284' title='bbox 499 3040 710 3087; x_wconf 87' lang='lat' dir='ltr'>designare,</span> <span class='ocrx_word' id='word_1_285' title='bbox 735 3041 775 3076; x_wconf 89' lang='lat' dir='ltr'>in</span> <span class='ocrx_word' id='word_1_286' title='bbox 801 3051 913 3087; x_wconf 92' lang='lat' dir='ltr'>quem</span> <span class='ocrx_word' id='word_1_287' title='bbox 940 3042 1123 3087; x_wconf 85' lang='lat' dir='ltr'>epistolas</span> <span class='ocrx_word' id='word_1_288' title='bbox 1143 3040 1430 3087; x_wconf 85' lang='lat' dir='ltr'>conjiceremus,</span> <span class='ocrx_word' id='word_1_289' title='bbox 1451 3046 1546 3082; x_wconf 87' lang='lat' dir='ltr'>quas</span> <span class='ocrx_word' id='word_1_290' title='bbox 1571 3035 1657 3080; x_wconf 91' lang='lat' dir='ltr'>ipsi,</span> <span class='ocrx_word' id='word_1_291' title='bbox 1678 3043 1766 3069; x_wconf 91' lang='lat' dir='ltr'>cum</span> 
     </span>
     <span class='ocr_line' id='line_1_38' title="bbox 156 3095 1767 3148; baseline -0.005 -10"><span class='ocrx_word' id='word_1_292' title='bbox 156 3103 252 3138; x_wconf 88' lang='lat' dir='ltr'>haec</span> <span class='ocrx_word' id='word_1_293' title='bbox 277 3102 474 3138; x_wconf 90' lang='lat' dir='ltr'>ederemus</span> <span class='ocrx_word' id='word_1_294' title='bbox 494 3106 751 3147; x_wconf 83' lang='lat' dir='ltr'>monumenta,</span> <span class='ocrx_word' id='word_1_295' title='bbox 772 3102 882 3138; x_wconf 86' lang='lat' dir='ltr'>novis</span> <span class='ocrx_word' id='word_1_296' title='bbox 910 3103 1022 3148; x_wconf 90' lang='lat' dir='ltr'>curis,</span> <span class='ocrx_word' id='word_1_297' title='bbox 1044 3102 1263 3148; x_wconf 84' lang='lat' dir='ltr'>adspirante</span> <span class='ocrx_word' id='word_1_298' title='bbox 1291 3100 1453 3143; x_wconf 87' lang='lat' dir='ltr'>fortuna,</span> <span class='ocrx_word' id='word_1_299' title='bbox 1474 3095 1767 3143; x_wconf 89' lang='lat' dir='ltr'>adquisivimus.</span> 
     </span>
    </p>
   </div>
  </div>
 </body>
</html>
