2008 3510
283 278 361 318 520
749 265 984 304 EPISTOLAE
1013 265 1260 304 Mucium—1
1268 276 1290 304 2
1299 277 1313 303 1
1321 276 1342 303 2

228 384 274 420 et
297 372 441 419 ethica
470 382 516 417 et
546 370 694 435 quelle
724 387 859 433 sopra
888 370 929 416 le
958 370 1146 434 epistole
1179 370 1393 417 canonice
1426 370 1471 416 di
1503 370 1543 416 S.
1581 369 1787 416 Giacobo
1817 382 1862 418 et

229 450 269 495 S.
298 448 424 504 Iuda,
449 457 494 492 et
518 445 665 510 quelle
689 445 735 492 di
759 445 799 491 S.
829 445 1068 491 Thomaso
1098 445 1215 492 della
1238 450 1301 506 3.‘¹
1334 455 1476 508 parte,
1508 456 1552 491 et
1583 444 1729 509 quelle
1758 445 1862 492 delli

226 521 417 586 concilij.
442 520 556 566 Non
587 536 772 566 occorre
805 519 921 565 altro
952 535 1032 581 per
1065 519 1248 577 adeSSO,
1279 519 1506 565 senonche
1538 530 1791 582 aspettamo
1823 520 1863 566 la

225 597 418 659 risposta
442 611 523 658 per
546 594 745 640 riceuere
770 593 1070 651 Bernardino‚
1094 593 1176 639 che
1201 605 1269 639 sta
1292 593 1336 639 in
1361 610 1473 650 casa,
1499 594 1570 640 del
1596 593 1728 657 quale
1752 594 1861 640 scri-

224 687 362 716 uemo
386 668 575 715 sabbato
600 679 792 731 passato.
821 666 915 712 All’
935 666 1130 713 orationi
1147 678 1192 713 et
1217 667 1359 713 sancti
1378 667 1572 731 sacrifitij
1594 667 1710 714 della
1728 667 1779 714 P.
1802 668 1861 717 V.

179 748 181 750 ’
224 756 269 790 et
292 743 363 790 del
391 743 440 790 P.
471 742 671 789 Polanco
695 753 740 788 et
763 741 836 788 del
870 741 921 787 P.
959 740 1179 804 Philippo
1208 753 1253 787 et
1283 741 1342 787 de
1372 741 1479 787 tutti
1515 741 1659 787 molto
1690 742 1862 788 humil-

224 829 375 864 mente
405 818 442 864 ci
474 816 804 874 raccomando,
836 816 1072 879 pregando
1104 815 1132 861 il
1170 814 1360 879 Signore
1392 815 1451 878 gli
1483 815 1690 861 conserui
1721 832 1804 878 per
1834 815 1863 861 il

223 909 307 938 suo
339 892 482 939 diuin'
520 891 718 938 seruitio.
759 891 823 937 Di
868 891 1095 937 Fiorenza
1127 906 1183 937 21
1224 890 1269 937 di
1314 889 1410 951 9.bre
1449 891 1583 952 1556.
1604 890 1682 954 ‚D.
1716 890 1777 937 V.
1810 890 1859 936 P.

223 983 357 1012 seruo
383 965 575 1012 minimo
599 976 644 1012 et
667 964 841 1028 figliolo
866 965 1071 1028 indegno
1096 965 1142 1011 in
1167 964 1374 1020 Christo,

965 1048 1040 1094 Lu
1051 1064 1234 1094 Domco
1273 1063 1332 1093 DE
1369 1046 1665 1095 COUDRETO.

288 1150 541 1212 Inscriptio:
568 1151 600 1210 ἦ
618 1148 679 1194 Al
699 1148 845 1195 molto
867 1149 992 1195 Rdo.
1011 1148 1056 1195 in
1077 1147 1162 1196 X.⁰
1179 1148 1341 1205 Padre,
1361 1147 1390 1193 il
1412 1147 1464 1194 P.
1485 1147 1632 1194 Mtro.
1657 1147 1861 1209 Laynez,

222 1223 391 1270 vicario
415 1223 623 1287 generale
648 1222 766 1269 della
790 1223 1083 1286 Compagnia
1101 1223 1146 1269 di
1171 1223 1306 1283 Jesu,
1329 1222 1497 1278 Roma,
1517 1239 1542 1267 a
1560 1233 1687 1267 santa
1708 1222 1863 1268 Maria

223 1296 342 1344 della
367 1297 542 1345 Strada.

970 1436 1111 1471 1212

543 1532 810 1570 JOANNES
851 1532 1153 1579 MORONUS,
1196 1532 1551 1569 CARDINALIS

643 1627 905 1688 JOANNI
941 1627 1345 1674 CASTELVED
1355 1628 1446 1673 RO

721 1722 833 1749 ROMA
862 1723 908 1749 21
942 1722 1176 1748 NOVEMBRIS
1205 1711 1307 1762 1556
1337 1710 1367 1748 ¹.

515 1809 690 1856 Collegio
713 1809 919 1845 mutinensi
941 1809 1149 1845 cardinalis
1170 1810 1356 1846 Moronus
1377 1810 1565 1847 subvenit.

287 1912 546 1977 Magnifico
577 1914 654 1961 M.
689 1913 901 1960 Gioanni.
937 1914 1085 1960 Come
1115 1913 1176 1960 ho
1206 1930 1384 1977 sempre
1415 1914 1670 1960 desiderato
1701 1914 1783 1960 che
1814 1914 1859 1960 in

218 1997 389 2033 cotesta
417 1987 546 2045 citta,
578 1987 620 2033 la
652 1987 758 2051 qual
792 2004 896 2034 amo
937 1987 1391 2046 tenerissimamente,
1423 1989 1468 2034 ui
1507 1988 1632 2034 siano
1666 1988 1860 2035 ministri

218 2061 376 2118 buoni,
404 2062 430 2106 li
457 2060 578 2124 quali
602 2061 820 2124 estirpino
847 2072 1009 2125 questo
1039 2061 1122 2107 che
1144 2061 1181 2106 c'
1202 2060 1227 2106 ἐ
1252 2061 1297 2108 di
1323 2061 1452 2118 male,
1488 2073 1533 2108 et
1557 2061 1773 2125 piantano
1797 2062 1857 2109 dil

219 2134 347 2191 bene,
373 2134 483 2191 cosi,
503 2125 715 2199 hauendo
734 2134 965 2197 giudicato
986 2134 1276 2180 instrumenti
1297 2135 1375 2180 atti
1402 2151 1426 2180 a
1450 2133 1533 2180 far'
1553 2146 1715 2198 questo
1733 2135 1860 2199 quel-

219 2209 247 2254 li
277 2208 386 2255 Rdi.
414 2208 530 2271 preti
555 2208 601 2254 di
628 2207 788 2264 Giesu,
815 2209 875 2254 ho
900 2220 1147 2271 procurato
1176 2208 1260 2254 che
1293 2208 1331 2254 ci
1364 2209 1489 2255 siano
1522 2209 1785 2266 introdutti,
1814 2221 1861 2255 et

220 2283 407 2329 insieme
430 2282 613 2345 sportici
639 2283 742 2346 quel
770 2299 886 2344 poco
911 2283 956 2329 di
981 2282 1173 2328 sussidio
1198 2282 1281 2327 che
1306 2282 1367 2328 ho
1392 2294 1595 2345 possum,
1621 2283 1787 2346 perche
1813 2283 1858 2329 ui

218 2357 253 2402 si
277 2356 462 2419 possino
486 2367 723 2404 tratenere.
752 2357 815 2403 Et
839 2367 962 2402 tutto
985 2357 1068 2402 che
1095 2356 1158 2402 sia
1177 2355 1306 2401 finito
1331 2356 1360 2402 il
1386 2357 1593 2415 termine,
1614 2357 1659 2404 di
1683 2357 1766 2402 che
1790 2355 1858 2402 fui

220 2443 410 2493 pregato
451 2431 510 2477 da
549 2441 720 2476 cotesta
762 2430 1004 2493 magnifica
1043 2430 1329 2476 communita
1370 2448 1394 2475 a
1427 2430 1707 2477 contribuit-e
1740 2447 1765 2476 a
1798 2430 1857 2476 tal

219 2504 454 2562 lemosina,
479 2504 690 2551 vedendo
715 2504 998 2550 nondimeno
1029 2504 1112 2550 che
1144 2502 1405 2549 frutificano
1429 2520 1453 2549 a
1477 2503 1610 2550 laude
1633 2514 1679 2549 et
1709 2503 1859 2549 honor

218 2579 264 2625 di
291 2579 385 2624 Dio
409 2590 454 2624 et
479 2577 698 2624 beneficio
729 2577 774 2624 di
808 2589 978 2624 coteste
1015 2578 1182 2635 anime,
1214 2577 1358 2623 hauea
1388 2577 1463 2640 gia
1495 2577 1709 2624 ordinato
1736 2593 1761 2622 a
1784 2576 1856 2623 chi

219 2664 366 2715 spetta
389 2652 521 2710 costi,
546 2652 629 2697 che
647 2651 892 2715 seguitasse
916 2652 961 2697 in
987 2651 1171 2715 pagarla
1191 2647 1222 2698 ².
1252 2651 1445 2697 Intorno
1464 2651 1503 2696 al
1528 2651 1625 2707 che,
1643 2650 1857 2696 hauendo

272 2807 285 2832 ¹
343 2808 400 2844 EX
425 2809 666 2856 autographo
693 2808 731 2843 in
760 2810 836 2846 vol.
864 2806 1084 2859 Epistolae
1113 2805 1414 2854 cardinalium,
1447 2808 1561 2844 unico
1588 2808 1695 2853 folio,
1726 2817 1763 2844 n.
1792 2817 1855 2853 32,

217 2881 322 2917 pr1us
346 2883 435 2916 144.

269 2930 286 2955 ²
342 2933 403 2969 Ad
423 2944 502 2969 rem
522 2934 729 2979 POLANCO‚
751 2937 775 2969 t.
797 2941 855 2978 VI,
877 2944 963 2979 pag.
988 2944 1077 2978 210,
1099 2943 1135 2970 n.
1160 2942 1246 2979 774:
1273 2932 1514 2969 «Cardinalis
1540 2932 1740 2977 Moronus,
1765 2941 1851 2967 eum

217 2996 421 3041 collegium
442 2996 632 3032 Mutinam
652 2996 873 3042 mitteretur,
897 2995 1176 3042 quinquaginta
1196 3005 1334 3031 aureos
1355 2995 1517 3041 singulis
1543 2994 1654 3030 annis
1674 3004 1715 3029 se
1736 2995 1852 3029 datu·

218 3069 301 3094 rum
322 3059 482 3105 dixerat;
503 3060 570 3095 sed
590 3060 641 3095 ad
662 3062 825 3106 quatuor
846 3068 967 3094 annos
988 3069 1032 3094 ea
1054 3058 1299 3104 eleemosyna
1315 3062 1406 3093 tunc
1425 3057 1588 3094 limitata
1610 3057 1689 3104 fuit,
1710 3056 1849 3103 quibus

218 3120 308 3156 item
329 3121 398 3156 sub
419 3121 492 3156 hoe
518 3124 669 3167 tempus
696 3120 903 3166 absolutis,
926 3119 1144 3156 Cardinalis
1164 3129 1418 3165 oeconomus,
1438 3119 1503 3165 qui
1522 3118 1712 3154 Mutinam
1732 3127 1851 3154 vene-
