2054 3536
309 227 386 266 216
775 225 1010 264 EPISTOLAE
1039 225 1288 265 Murram—1
1300 237 1374 264 100

254 332 468 397 marques
492 332 549 379 de
572 331 752 378 Villena
770 331 785 357 ¹
812 349 838 394 y
863 331 903 377 al
934 330 1097 395 obispo
1126 332 1183 378 de
1215 332 1416 395 Segorue
1436 330 1468 391 ²,
1499 349 1589 397 que
1620 348 1726 379 eran
1752 349 1891 396 gran-

253 407 466 454 dissimos
490 406 667 471 amigos
690 406 746 452 de
772 405 812 452 la
835 405 1096 469 Compafiia
1126 424 1157 469 y
1188 404 1515 455 benefactores,
1553 407 1770 454 Escriuen
1804 424 1894 472 que

254 480 293 528 el
321 481 533 545 marques
556 481 613 528 de
637 480 814 527 Villena
834 497 916 527 nos
935 480 1050 528 dexa
1067 480 1105 526 al
1127 481 1175 528 P.
1197 480 1236 526 F
1239 480 1439 528 rancisco
1464 498 1491 545 y
1513 483 1538 529 a
1559 481 1624 528 mi
1652 499 1735 546 por
1760 492 1894 529 testa-

255 555 500 604 mentarios
524 573 552 618 y
578 555 616 601 al
642 555 789 603 conde
813 556 869 603 de
889 556 1112 620 Oropesa.
1132 555 1190 603 V.
1218 556 1266 603 P.
1288 573 1370 602 nos
1390 556 1556 603 mande
1577 557 1722 603 auisar
1742 556 1785 603 lo
1805 574 1895 622 que

253 647 299 678 se
323 632 400 678 ara
430 648 486 678 en
517 631 785 695 semejantes
813 648 951 678 casos.
986 631 1041 679 El
1080 631 1132 679 P.
1173 631 1415 678 Francisco
1449 629 1527 678 fue
1564 633 1589 679 a
1623 631 1832 689 Scalona,
1865 649 1893 694 y

254 705 385 754 allole
410 723 466 769 ya
492 716 688 764 muerto‚
714 723 818 753 creo
843 706 882 753 el
909 706 988 753 dia
1012 716 1139 753 antes
1157 704 1187 754 ³.
1220 705 1451 753 Tambien
1482 705 1523 753 el
1552 711 1687 754 senor
1711 707 1768 754 de
1795 707 1893 754 Lo-

255 779 358 843 yola
381 779 395 804 ⁴
423 797 495 827 me
520 780 578 826 ha
601 780 787 828 auisado
811 797 901 844 que
926 797 1032 843 ayer
1059 781 1166 827 hizo
1190 780 1360 844 quinze
1383 781 1484 828 dias
1504 782 1653 829 muri6
1676 781 1819 829 Isabel
1838 782 1894 829 de

255 855 431 913 Araoz,
458 854 498 901 la
523 854 666 913 beata,
683 866 766 902 -tan
794 855 886 921 hija
910 855 967 902 de
993 855 1050 901 V.
1084 855 1135 903 P.
1162 856 1209 902 Y
1235 871 1347 919 pues
1380 856 1428 903 se
1459 872 1549 920 que
1573 868 1700 903 vasta
1723 856 1895 922 signifi-

308 1036 320 1063 ¹
380 1039 443 1079 Cf.
463 1040 671 1086 POLANCO,
692 1043 718 1077 t.
739 1048 796 1086 vl,
818 1050 907 1086 pag.
933 1041 1023 1087 629,
1046 1050 1082 1076 n.
1106 1048 1208 1086 2710
1226 1043 1264 1075 et
1284 1049 1375 1085 pag.
1394 1039 1484 1087 647,
1505 1050 1541 1075 n.
1565 1036 1896 1086 2781.—«Muri6

257 1114 305 1139 en
328 1113 393 1139 sus
413 1099 623 1140 Alcazares
643 1103 689 1139 de
711 1102 904 1139 Escalona
924 1103 959 1139 el
980 1100 1044 1139 dia
1065 1112 1083 1149 7
1114 1103 1161 1138 de
1188 1101 1355 1138 Febrero
1382 1102 1429 1138 de
1454 1102 1601 1150 1556...
1628 1100 1708 1138 Fue
1727 1102 1896 1148 sepulta-

255 1165 344 1202 do...
369 1175 415 1201 en
439 1165 474 1201 el
494 1165 731 1201 Monasterio
752 1165 814 1201 del
834 1165 964 1201 Parral
984 1165 1031 1200 de
1053 1164 1234 1211 Segovia,
1257 1174 1304 1200 en
1326 1174 1418 1211 muy
1438 1164 1517 1200 rica
1537 1164 1733 1210 sepultura
1753 1174 1826 1200 con
1841 1161 1895 1202 la-

253 1228 346 1275 pida
369 1228 416 1264 de
437 1227 592 1273 bronce,
616 1228 729 1264 sobre
750 1228 787 1264 la
808 1228 894 1264 cual
916 1238 956 1264 se
978 1237 1074 1274 puso
1093 1228 1127 1263 el
1148 1227 1338 1273 siguiente
1353 1227 1521 1274 epitafio,
1535 1238 1608 1274 que
1623 1238 1694 1264 nos
1710 1224 1896 1264 conservo

254 1291 290 1327 el
313 1291 479 1327 cuidado
500 1291 562 1326 del
583 1291 761 1328 Cronista
782 1292 828 1327 de
850 1291 903 1328 Su
924 1291 1117 1337 Majestad
1138 1291 1287 1327 Alonso
1308 1287 1437 1336 Lopez
1459 1291 1505 1326 de
1527 1290 1641 1327 Haro:
1663 1287 1897 1341 Aquiyaze

252 1351 472 1404 sepultado
489 1351 589 1391 Dan
609 1351 755 1404 Diego
775 1351 912 1404 Lo‘pez
931 1351 1133 1399 Paclzeco,
1150 1351 1339 1404 segundo
1357 1351 1471 1391 deste
1483 1352 1672 1402 nombre,
1692 1350 1899 1404 Marques

254 1414 306 1454 de
337 1414 502 1455 Villena
512 1428 546 1466 y
566 1413 706 1467 Moya,
733 1413 889 1466 Duque
916 1413 968 1454 de
988 1413 1214 1461 Escalona,
1244 1413 1387 1455 Conde
1416 1413 1468 1453 de
1495 1413 1771 1455 Santisteban
1786 1427 1821 1467 y
1846 1413 1898 1454 de

253 1477 305 1518 X
299 1478 468 1530 ἐφιέντα,
483 1476 622 1517 murio'
635 1475 844 1529 pidiendo
864 1477 891 1516 a'
911 1476 1023 1516 Dios
1037 1475 1351 1525 misericordia,
1366 1480 1448 1516 aiio
1461 1475 1536 1517 del
1545 1475 1682 1518 senor
1696 1476 1750 1517 de
1762 1476 1894 1530 1556.

255 1540 293 1581 A
313 1539 416 1580 siete
437 1540 533 1580 dias
558 1539 632 1579 del
653 1553 741 1580 mes
768 1539 820 1579 de
846 1539 1177 1580 Febrer0.-La
1203 1542 1612 1590 Marquesa—Duquesa
1639 1540 1759 1595 [illius
1784 1554 1895 1593 uxor,

254 1606 371 1652 paulo
393 1610 480 1652 post
500 1605 580 1641 vita
600 1603 844 1654 defuncta]...
873 1604 936 1641 fue
963 1605 1168 1651 sepultada
1189 1616 1235 1641 en
1257 1606 1292 1641 el
1313 1605 1452 1642 mismo
1478 1603 1647 1652 panteon
1668 1616 1743 1642 con
1763 1607 1801 1642 la
1821 1606 1897 1642 ins-

256 1666 427 1716 cripcion
449 1663 651 1716 signiente:
673 1666 789 1719 Aqui
797 1680 908 1719 yaze
928 1666 1154 1719 sepultada
1170 1666 1300 1706 Doria
1318 1665 1448 1706 Luisa
1464 1665 1517 1706 de
1539 1666 1735 1707 Cabrera
1755 1672 1799 1706 et
1814 1666 1896 1707 Bo·

255 1730 435 1779 vadilla,
457 1729 694 1783 Marquesa
713 1730 765 1770 de
791 1729 957 1771 Villena
967 1744 999 1781 y
1014 1729 1154 1782 Moya,
1170 1729 1376 1783 Duquesa
1392 1729 1444 1770 de
1460 1729 1684 1779 Escalona,
1705 1729 1897 1772 Condesa

255 1793 307 1833 de
327 1792 598 1834 Santisteban
608 1806 642 1845 y
660 1792 872 1845 Xiquena,
899 1791 1038 1832 murio
1056 1792 1265 1845 pidiendo
1292 1793 1319 1832 a'
1344 1792 1457 1833 Dios
1480 1792 1795 1839 misericordia,
1815 1796 1897 1833 ario

255 1856 307 1897 de
325 1855 407 1896 mil
411 1870 444 1908 y
464 1855 700 1908 quinientos
720 1855 937 1896 cincuenta
947 1869 982 1909 y
1000 1857 1092 1905 seis,
1114 1856 1141 1895 d
1161 1861 1316 1908 quatro
1331 1856 1427 1896 dias
1441 1855 1493 1896 de
1508 1855 1699 1907 Margo».
1712 1859 1896 1896 FERNAN-

256 1929 334 1959 ΒΕΖ
355 1929 409 1958 DE
430 1921 749 1967 BETHENCOURT,
771 1917 970 1958 Historia
986 1918 1270 1971 genealogica
1287 1918 1566 1971 yhera'ldica
1586 1918 1638 1959 de
1658 1919 1703 1959 la
1723 1918 1896 1959 Monar-

255 1984 356 2034 quia
376 1981 589 2034 espaaola,
613 1988 640 2022 t.
660 1992 701 2030 11,
723 1994 809 2030 pag.
834 1983 1053 2030 230.-His
1067 1983 1255 2020 suecessit
1270 1983 1501 2020 Franciseus
1515 1983 1644 2030 Lopez
1659 1984 1834 2021 Pacheco
1850 1985 1896 2020 de

256 2046 425 2083 Cabrera
447 2051 483 2083 et
503 2047 719 2093 Bobadilla,
743 2047 915 2083 marchio
935 2046 989 2082 IV
1009 2047 1057 2082 de
1077 2046 1247 2092 Villena,
1269 2047 1347 2082 dux
1367 2047 1414 2082 de
1436 2045 1642 2083 Escalona.

309 2106 325 2131 ²
383 2109 531 2155 Gaspar
549 2109 654 2145 Jofre
676 2110 722 2145 de
739 2110 865 2156 Borja,
884 2111 991 2156 cujus
1008 2109 1189 2156 pietatem
1205 2120 1321 2156 supra
1336 2110 1738 2152 commemoravimus,
1752 2105 1894 2159 Epist.

210 2183 213 2187 ·
256 2169 440 2216 Mixtoe,
461 2175 486 2209 t.
515 2180 572 2218 lv,
600 2182 689 2218 pag.
718 2182 905 2219 332-334.
934 2172 991 2208 De
1020 2173 1190 2218 ejusdem
1219 2172 1371 2219 generis
1398 2172 1598 2208 nobilitate
1628 2172 1775 2219 egimus
1802 2175 1828 2209 t.
1853 2180 1895 2218 11,

255 2245 347 2281 pag.
374 2243 461 2282 157,
483 2239 615 2272 annot.
639 2245 677 2281 3.
710 2232 861 2271 «Murio
890 2235 936 2270 de
964 2233 1170 2281 apoplexia
1199 2246 1245 2271 en
1272 2235 1460 2272 Valencia
1480 2232 1503 2271 a
1526 2235 1572 2272 18
1594 2235 1640 2271 de
1661 2235 1827 2271 Febrero
1849 2234 1896 2271 de

260 2306 304 2345 15
313 2297 399 2345 56».
425 2297 720 2344 VILLANUEVA,
759 2294 879 2348 Viaje
907 2295 1109 2336 literario
1137 2296 1164 2335 ά
1190 2295 1256 2336 las
1281 2295 1459 2349 iglesias
1485 2294 1537 2335 de
1562 2295 1751 2348 Espar'ia‚
1779 2302 1807 2337 t.
1836 2305 1895 2344 111,

256 2371 343 2407 pag.
365 2361 426 2407 83.

314 2420 328 2445 ³
387 2423 508 2460 «Cum
529 2422 776 2461 Scalonam...
805 2427 987 2460 evocatus
1014 2423 1150 2460 fuisset
1175 2424 1214 2461 P.
1237 2422 1464 2460 Franciscus
1490 2422 1700 2470 Placentia,
1723 2423 1894 2470 Oropesa

258 2484 448 2532 transivit,
469 2488 511 2521 ut
531 2485 719 2522 Comitem
741 2483 1042 2532 [Ferdinandum
1064 2485 1230 2522 Alvarez
1251 2486 1297 2522 de
1317 2481 1530 2535 Toledo]...
1553 2496 1684 2521 secum
1707 2495 1752 2521 eo
1779 2485 1895 2521 dedu-

259 2551 407 2585 ceret...
439 2551 475 2583 et
503 2547 680 2594 quamvis
705 2548 743 2584 in
769 2548 833 2583 via
860 2550 906 2584 de
933 2553 1055 2584 morte
1085 2548 1322 2585 Marchionis
1348 2548 1530 2585 certiores
1558 2547 1648 2584 facti
1676 2552 1815 2594 essent,
1846 2548 1898 2588 ad

260 2611 566 2647 consolationem
586 2607 720 2646 tamen
742 2610 1049 2648 Marchionissae
1076 2615 1113 2648 et
1140 2611 1305 2648 filiorum
1334 2612 1414 2659 ejus
1442 2621 1487 2647 eo
1518 2614 1785 2657 pervenerunt.
1814 2611 1896 2646 Nec

261 2674 398 2711 frustra
420 2674 459 2710 id
480 2673 658 2710 effectum
679 2678 755 2719 est3
784 2678 966 2710 executor
994 2674 1095 2711 enim
1122 2675 1278 2711 relictus
1304 2678 1385 2710 erat
1416 2674 1635 2710 testamenti
1669 2674 1711 2712 P.
1733 2671 1895 2709 Franci-

262 2747 361 2783 scus,
385 2740 420 2772 et
441 2737 531 2772 licet
552 2737 626 2773 hoc
647 2747 783 2772 munus
797 2747 874 2773 non
895 2737 1104 2784 admiserit,
1123 2737 1251 2784 aliqua
1266 2742 1407 2784 tamen,
1422 2747 1519 2784 quae
1542 2737 1590 2773 ad
1605 2736 1773 2772 animam
1786 2735 1894 2772 Mar-

262 2799 411 2835 chionis
431 2799 685 2845 pertinebant,
709 2800 932 2846 exequenda
953 2801 1113 2837 curavit.
1136 2800 1183 2836 Et
1203 2804 1329 2837 actum
1352 2804 1408 2836 est
1425 2801 1522 2836 inter
1542 2803 1693 2836 caetera
1708 2799 1754 2835 de
1772 2799 1894 2835 colle-

261 2863 324 2910 gio
345 2863 619 2909 Belmontensi,
642 2863 750 2910 cujus
771 2864 944 2899 meminit
963 2864 1138 2900 Marchio
1165 2868 1252 2899 ante
1282 2868 1455 2910 mortem,
1482 2867 1518 2899 et
1539 2863 1577 2899 in
1604 2866 1834 2899 testamento
1854 2865 1896 2898 ut

263 2927 482 2973 erigeretur,
504 2927 743 2963 constituit».
765 2926 971 2972 POLANCO,
994 2931 1019 2965 t.
1040 2935 1098 2973 VI,
1121 2937 1209 2973 pag.
1235 2928 1323 2973 647,
1346 2937 1383 2965 n.
1407 2927 1521 2974 2781.

317 2985 333 3011 4
385 2989 554 3026 Joannes
576 2990 623 3025 de
643 2989 770 3037 Borja,
792 2990 838 3025 de
860 3000 936 3036 quo
956 2989 1182 3036 saepissime
1203 2989 1371 3026 diximus
1392 2990 1431 3026 in
1451 2989 1527 3026 vol.
1550 2996 1592 3025 11.
1614 2987 1671 3024 De
1693 2986 1897 3024 sanctimo-

265 3053 358 3089 niali
375 3052 574 3089 Elisabeth
590 3053 636 3089 de
651 3054 776 3091 Araoz
791 3052 892 3089 facta
907 3057 964 3088 est
980 3052 1123 3091 mentio
1140 3063 1267 3099 supra,
1283 3053 1395 3099 epist.
1411 3052 1526 3100 1083.
1544 3051 1601 3088 De
1614 3051 1688 3088 hac
1700 3053 1900 3098 praeterea

269 3116 457 3165 videatur,
478 3115 684 3162 POLANCO,
706 3119 734 3153 t.
758 3124 783 3162 1,
804 3126 893 3162 pag.
919 3124 1009 3163 509.
