2008 3510
272 246 349 286 712
741 232 977 272 EPISTOLAE
1006 232 1335 283 Mix‘rAE-1293

217 351 370 389 mente
394 339 660 404 ringratiato
688 339 728 386 la
751 338 892 386 bonta
916 348 1071 386 vostra
1093 337 1119 385 ¹.
1147 338 1214 384 La
1238 355 1383 402 prego
1408 355 1433 384 a
1456 339 1589 384 esser'
1608 348 1743 396 certa,
1769 338 1852 385 che

216 416 424 463 desidero
450 425 787 460 summamente
809 415 854 460 d'
875 414 1007 460 esser’
1028 424 1159 477 grato
1184 429 1209 458 a
1230 412 1288 459 V.
1315 413 1360 460 S.
1388 412 1434 460 d’
1454 412 1532 459 un'
1551 422 1680 459 tanto
1710 412 1850 458 bene-

218 490 340 547 ficio;
365 500 410 535 et
434 506 571 535 senza
595 488 697 535 dirli
722 488 851 546 altro,
871 487 1172 534 humilmente
1190 487 1646 534 raccomandandomi
1667 486 1749 533 alle
1773 503 1852 533 sue

219 576 344 611 sante
368 563 577 620 orationi,
602 563 630 608 li
656 562 805 609 bascio
838 562 877 608 le
902 562 1036 609 mani.
1069 562 1133 608 Di
1165 562 1379 608 Modona
1409 562 1479 608 alli
1510 565 1532 608 8
1560 561 1606 608 di
1635 561 1851 608 Nouem-

220 638 300 685 bre
326 654 380 685 M.
411 654 456 686 D.
485 654 523 684 1..
552 638 615 684 Di
643 637 700 684 V.
726 636 766 683 S.
797 637 854 683 R.
882 636 1179 683 deuotissimo
1202 635 1408 693 seruitor,

941 728 994 774 11.
1030 743 1242 774 VEscouo
1283 743 1329 772 DI
1371 727 1605 773 Momm
1626 725 1658 774 ².

285 842 539 903 Inscriptio:
575 838 635 884 Al
662 838 807 885 molto
832 838 957 885 Rdo.
980 837 1141 895 Padre,
1167 838 1278 885 ΜΕΟ
1301 837 1502 902 Egnatio
1523 837 1715 901 Loyola,
1739 836 1855 883 della

221 915 512 979 Compagnia
544 914 602 961 de
633 913 759 960 Gesu
784 941 849 948 --
871 941 936 947 —
959 940 1022 945 —
1045 911 1462 959 osseruandissimo.
1496 911 1665 968 Roma,
1699 927 1724 957 a
1752 910 1851 958 Sto.

220 991 404 1037 Marco.

968 1093 995 1126 1
1004 1091 1109 1126 298

756 1179 996 1216 URBANUS
1023 1177 1327 1215 FERNANDES

482 1269 683 1317 SOCIIS
717 1266 1122 1314 BARCINONE
1157 1265 1598 1313 DEGENTIBUS

650 1372 902 1400 coN1MBR1CA
934 1361 980 1399 18
1010 1370 1239 1399 DECEMBRIS
1271 1371 1373 1411 1550
1401 1358 1431 1399 ³.

316 1471 523 1510 Florianus
542 1471 649 1507 Rolis
671 1482 694 1507 a
713 1470 918 1516 Varsovia,
940 1469 1123 1515 deceptor
1142 1467 1316 1514 insignis,
1338 1467 1397 1504 vir
1418 1467 1587 1514 optimus
1607 1471 1645 1504 et
1663 1477 1764 1504 unus

530 1547 549 1572 e
572 1535 771 1573 Societate
792 1535 974 1580 creditus,
996 1543 1232 1580 magnopere
1253 1532 1554 1569 commendatur.

968 1636 1117 1734 JessuS.

293 1778 391 1825 Pax
415 1777 520 1836 Dei,
544 1776 687 1840 gratia
709 1774 883 1822 domini
909 1774 1051 1821 nostri
1074 1774 1188 1834 Jesu
1212 1772 1383 1820 Christi
1409 1772 1466 1819 sit
1485 1789 1665 1836 semper
1689 1772 1735 1819 in
1759 1789 1860 1819 cor-

225 1853 360 1901 dibus
393 1852 572 1899 nostris.
605 1852 776 1898 Amen.
808 1849 1059 1896 Noluimus
1082 1847 1385 1906 committere,
1410 1846 1572 1894 fratres
1599 1847 1861 1905 charissimi,

226 1928 337 1993 quin
362 1927 511 1973 literas
535 1925 593 1973 ad
624 1942 706 1972 vos
738 1941 819 1988 per
851 1924 972 1970 hunc
998 1922 1333 1970 nobilissimum
1364 1923 1515 1969 virum
1553 1923 1780 1982 daremus,
1812 1934 1863 1969 vt

226 2002 464 2050 nobiscum
489 2000 657 2064 pariter
681 2000 847 2063 gratias
873 2000 981 2045 Deo
1003 2009 1098 2062 opt.
1127 2014 1244 2044 max.
1277 1997 1482 2061 ageretiS‚
1514 2007 1690 2061 quanto
1721 1996 1886 2043 maio-'¹

226 2077 353 2123 ribus
377 2075 604 2123 beneficiis
630 2074 794 2121 auditis
817 2074 863 2120 in
888 2074 983 2120 dies
1009 2083 1212 2119 nostram
1242 2072 1510 2118 Societatem
1535 2070 1591 2117 ab
1615 2088 1670 2117 eo
1699 2087 1863 2117 cumu-

227 2151 328 2209 lari;
358 2167 462 2197 cum
502 2149 627 2196 taleis
659 2148 715 2194 ad
749 2164 831 2194 nos
862 2147 1002 2194 mittit
1035 2147 1170 2205 viros,
1206 2146 1285 2210 qui
1322 2145 1486 2209 insigni
1528 2145 1707 2209 pietate,
1745 2144 1864 2191 uitae

227 2224 500 2281 innocentia,
541 2234 586 2269 et
623 2238 722 2268 rara
755 2222 962 2268 doctrina
1002 2231 1295 2285 praestanteS,
1328 2231 1529 2267 nostram
1569 2220 1864 2266 vehementer

228 2309 507 2364 promouent
543 2298 826 2345 Societatem.
870 2296 1078 2343 Accessit
1113 2295 1248 2342 etiam
1288 2295 1498 2341 voluntas
1537 2294 1685 2341 Patris
1721 2293 1863 2340 nostri

230 2374 414 2440 Ignatii,
438 2374 517 2439 qui
542 2373 687 2420 voluit
710 2389 816 2419 eum
839 2372 1055 2419 omnibus
1077 2369 1293 2419 domibus
1311 2380 1357 2417 et
1375 2369 1574 2434 collegiis
1593 2368 1756 2416 nostris
1770 2385 1863 2415 esse

230 2467 370 2516 quam
395 2447 897 2497 commendatissimum
920 2446 949 2495 4.

298 2524 557 2571 Reddimus
590 2539 701 2586 ergo
735 2522 775 2568 ei
808 2522 932 2586 apud
970 2538 1052 2568 vos
1084 2519 1398 2568 testimonium
1432 2534 1638 2565 summae
1670 2516 1863 2581 pietatis,

285 2669 298 2695 ¹
357 2670 413 2708 Cf.
432 2666 573 2720 Epist.
594 2663 775 2713 Minae,
796 2669 822 2703 t.
845 2674 889 2712 11,
909 2676 996 2712 pag.
1019 2665 1108 2713 718,
1131 2667 1260 2701 annot.
1284 2675 1317 2701 2.

285 2731 301 2755 2
356 2733 458 2769 Vide
477 2732 594 2779 paulo
614 2734 713 2778 post,
735 2729 845 2775 epist.
872 2730 985 2776 1298.

285 2794 300 2819 3
357 2795 414 2831 Ex
451 2794 629 2841 originali
668 2793 707 2829 in
745 2792 821 2828 vol.
862 2788 997 2842 Epist.
1041 2787 1333 2841 episcoporum
1346 2819 1356 2837 ,
1394 2788 1510 2826 unico
1548 2787 1659 2834 folio,
1698 2798 1734 2824 n.
1776 2799 1861 2834 101,

232 2860 338 2907 prius
367 2860 453 2906 185.
1379 2865 1383 2869 ·

287 2919 302 2945 ⁴
358 2922 447 2958 Erat
467 2921 530 2956 hic
553 2917 827 2965 sagacissimus
853 2916 1140 2952 mendaciorum
1161 2915 1319 2962 artifex,
1347 2914 1408 2951 cui
1435 2923 1587 2959 nomen,
1607 2912 1639 2949 si
1666 2911 1762 2948 fides
1788 2911 1861 2958 ipsi

235 2985 452 3022 adhibenda
468 2987 536 3029 est,
552 2982 752 3019 Florianus
768 2980 873 3016 Rolis
890 2991 911 3016 a
930 2980 1132 3016 Varsovia.
1149 2979 1310 3016 Nostros
1327 2978 1528 3025 insigniter
1545 2977 1625 3013 suis
1641 2975 1782 3012 fabulis
1797 2975 1860 3011 de-

235 3050 401 3094 ceperat,
421 3050 463 3083 ut
482 3049 587 3093 patet
607 3055 654 3081 ex
672 3045 878 3090 POLANCO,
895 3047 919 3079 t.
937 3051 979 3089 11,
1000 3054 1088 3090 pag.
1110 3051 1154 3090 15
1173 3047 1211 3079 et
1230 3043 1289 3089 16,
1310 3053 1345 3079 n.
1370 3052 1434 3089 29,
1451 3045 1489 3078 et
1503 3051 1590 3088 pag.
1609 3048 1699 3088 354,
1715 3050 1752 3077 n.
1769 3039 1859 3086 388.

234 3112 449 3149 Videantur
468 3106 603 3161 Epist.
626 3104 806 3153 Minae,
827 3110 851 3144 t.
874 3115 915 3154 11,
936 3117 1023 3153 pag.
1049 3114 1138 3154 5²2·
