2008 3510
304 255 388 304 664⁴
767 224 1019 294 EP1s'ronAE‘
1035 253 1366 305 Mutua—1272

250 360 362 425 quid
387 359 444 407 de
469 359 688 407 Societate
714 360 922 418 sentiret,
947 360 1064 407 clare
1098 360 1441 407 demonstrauit.
1475 359 1632 406 Primo
1665 359 1809 407 aiebat
1832 376 1882 406 se>

249 434 441 481 omnino
467 434 653 481 credere
679 452 763 482 nos
787 451 880 481 esse
905 435 951 481 in
985 434 1243 481 nouissimis
1273 434 1578 498 temporibus,
1612 444 1747 498 atque
1775 434 1878 481 ideo

249 518 503 571 suspectam
533 508 616 554 sibi
650 525 746 555 esse
778 509 890 554 hanc
921 508 1185 572 religionem
1218 520 1262 554 et
1291 520 1520 573 quotquot
1549 525 1647 554 eam
1679 525 1877 572 sequun-

250 593 348 639 tur,
392 582 718 646 neminemque
756 583 972 629 hactenus
1005 582 1139 628 huius
1169 582 1395 646 religionis
1426 582 1626 642 nouisse,
1666 583 1743 647 qui
1787 599 1877 629 non

250 667 364 703 esset
380 656 591 703 adulator
606 669 651 703 et
670 656 896 720 bilinguis,
913 657 1006 704 imo
1022 668 1066 703 et
1085 657 1233 720 ipsum
1254 674 1437 721 quoque
1455 657 1707 715 doctorem,
1723 674 1878 704 coram

249 730 530 796 loquentem,
549 731 710 779 eadem
733 744 841 778 nota
862 732 1049 778 latenter
1067 731 1307 795 sugillabat
1326 731 1354 779 ¹.
1378 731 1538 778 Postea
1556 743 1708 778 tamen
1727 731 1880 778 dolere

249 822 296 852 se
320 805 465 852 aiebat
489 806 634 853 vicem
660 805 882 863 doctoriS,
909 805 1035 869 quod
1066 821 1187 862 eum,
1213 816 1306 851 tam
1331 804 1580 868 sapientem
1606 822 1655 851 ac
1680 805 1880 869 pruden-

247 891 356 938 tem,
384 880 560 927 videret
586 881 719 927 huius
744 896 931 944 quoque
962 890 1107 926 sectae
1132 879 1406 925 imitatorem
1431 896 1525 925 esse
1557 878 1685 927 velle.
1715 879 1878 926 Caete-

247 972 368 1013 rum,
385 955 548 1018 inquit,
565 955 746 1019 ingenia
761 954 896 1000 etiam
917 953 1209 1000 subtilissima
1228 966 1365 1017 atque
1384 953 1664 1000 viuidissima
1679 954 1879 1017 plerum—

247 1046 336 1094 que
355 1028 595 1087 falluntur,
617 1042 666 1076 vt
691 1040 884 1076 testatur
909 1028 1143 1092 ingenium
1163 1028 1287 1074 Arrii
1307 1040 1352 1074 et
1376 1029 1666 1091 quorundam
1686 1027 1878 1074 aliorum

247 1104 569 1163 hereticorum,
597 1104 675 1168 qui
702 1115 831 1150 tanto
849 1103 1035 1167 grauius
1054 1113 1334 1160 errauerunt,
1351 1114 1525 1167 quanto
1545 1102 1702 1148 maiori
1719 1102 1878 1165 vigue-

246 1190 356 1225 runt
395 1178 565 1242 ingenii
607 1178 828 1225 acumine.
873 1177 1068 1224 Dicebat
1109 1188 1336 1241 praeterea
1376 1189 1420 1223 et
1463 1177 1712 1223 mirabatur
1752 1194 1834 1222 cur
1862 1176 1879 1202 ²

247 1254 411 1300 doctor
434 1253 644 1299 nondum
670 1264 785 1299 esset
809 1251 1054 1316 professus,
1071 1263 1116 1298 et
1137 1268 1424 1316 nequaquam
1444 1251 1526 1297 sibi
1553 1252 1727 1314 placere
1750 1252 1876 1315 quod

248 1345 273 1374 a
305 1338 375 1374 tot
410 1327 558 1385 annis,
590 1345 612 1374 a
647 1327 815 1391 quibus
854 1327 1121 1374 confirmata
1153 1338 1219 1373 est
1250 1326 1428 1390 religio,
1472 1344 1561 1372 non
1606 1337 1754 1372 essent
1795 1326 1876 1372 nisi

247 1402 404 1449 decem
445 1413 524 1448 aut
561 1402 775 1449 undecim
797 1402 829 1460 ³,
855 1402 932 1466 qui
970 1400 1299 1465 professionem
1337 1401 1585 1447 solemnem
1611 1401 1874 1448 emisissent.

248 1477 408 1535 Vnde,
439 1477 609 1540 inquit,
645 1476 859 1523 videntur
889 1476 934 1523 hi
966 1476 1261 1540 praetendere
1291 1493 1345 1522 ne
1377 1475 1599 1522 excedant
1632 1491 1875 1521 numerum

246 1550 576 1615 apostolorum.
614 1550 727 1597 Huc
770 1551 905 1598 etiam
944 1551 1133 1608 accedit,
1176 1550 1301 1614 quod
1332 1567 1356 1595 a
1386 1549 1614 1596 nonnullis
1654 1560 1878 1596 vocentur

246 1625 439 1688 apostoli
466 1625 539 1672 vel
565 1625 823 1689 apostolici:
852 1624 1039 1672 fuerunt
1069 1636 1222 1672 autem
1254 1625 1386 1683 olim,
1418 1624 1584 1689 inquit,
1619 1624 1664 1671 in
1696 1624 1878 1671 ecclesia

247 1701 335 1748 Dei
361 1700 550 1764 quidam
576 1700 781 1759 heretici,
808 1700 884 1764 qui
910 1699 1144 1763 apostolici
1170 1699 1447 1746 dicebantur.
1478 1699 1718 1746 Praeterea
1741 1699 1876 1746 etiam

246 1775 329 1821 sibi
354 1774 605 1838 displicere,
626 1774 787 1830 aiebat,
811 1786 1030 1839 tanquam
1055 1786 1318 1838 suspectum
1342 1786 1388 1821 et
1411 1775 1732 1838 periculosum,
1751 1775 1876 1838 quod

247 1849 487 1913 ifiiguistae
515 1866 804 1907 vocaremur3
832 1866 924 1895 non
944 1850 1081 1906 enim,
1101 1849 1263 1913 inquit,
1284 1849 1340 1895 ab
1365 1848 1617 1896 Ambrosio
1637 1849 1746 1896 dicti
1770 1860 1878 1895 sunt

245 1940 451 1988 vnquam
476 1923 767 1980 ambrosiani,
794 1935 872 1970 aut
897 1923 953 1970 ab
973 1923 1239 1988 Augustino
1257 1924 1582 1987 augustiniani:
1608 1924 1751 1970 immo
1777 1924 1876 1970 reli-

246 1997 404 2062 giones
435 1996 532 2044 illae
562 2008 640 2044 aut
671 2009 838 2054 sectae,
870 2014 985 2061 quae
1019 2014 1187 2043 nomen
1221 1996 1476 2044 fundatoris
1509 2008 1587 2043 aut
1627 1997 1877 2044 inuentoris

245 2073 329 2120 sibi
365 2072 612 2120 retinentes
646 2086 947 2136 vsurparunt,
977 2073 1197 2120 hereticae
1229 2072 1411 2119 tandem
1445 2083 1552 2118 sunt
1576 2082 1798 2135 repertae:
1827 2082 1877 2117 vt

246 2147 470 2194 lutherani
495 2163 520 2193 a
548 2146 776 2205 Luthero,
801 2147 963 2193 arriani
989 2146 1046 2193 ab
1071 2146 1229 2205 Arrio,
1254 2145 1476 2209 pelagiani
1503 2162 1528 2190 a
1553 2144 1750 2208 Pelagio,
1775 2156 1875 2203 etc„

245 2221 428 2269 heretici
453 2232 561 2268 sunt
583 2232 628 2268 et
652 2221 882 2278 dicuntur,
903 2221 958 2267 ab
977 2220 1157 2268 ecclesia
1180 2219 1484 2267 condemnati.
1501 2218 1670 2264 Aiebat
1693 2219 1876 2282 insuper

247 2312 330 2342 nos
365 2313 391 2342 a
420 2295 698 2358 quibusdam
735 2295 923 2359 jesuitas
966 2295 1212 2351 nominari,
1253 2293 1309 2340 ab
1339 2293 1433 2340 aliis
1470 2293 1718 2350 theatinos,
1760 2310 1875 2357 quae

247 2369 433 2415 nomina
458 2369 505 2414 in
529 2367 709 2415 ecclesia
736 2367 825 2413 Dei
851 2368 939 2414 iam
959 2367 1144 2414 infamia
1162 2379 1444 2432 reputantur.
1467 2368 1706 2414 Postremo
1729 2366 1876 2414 aiebat

248 2459 486 2507 nunquam
510 2442 658 2489 visam
681 2458 775 2488 esse
800 2452 878 2488 aut
902 2442 1104 2488 auditam
1131 2443 1393 2506 religionem
1420 2442 1513 2488 sine
1537 2442 1737 2499 statutis,
1762 2458 1874 2505 qua·
1937 2469 1951 2480 f

248 2517 299 2564 lis
323 2528 391 2564 est
415 2517 496 2563 hec
514 2516 686 2580 religio.
712 2516 844 2563 Haec
864 2528 908 2563 et
926 2505 1009 2562 alia
1028 2517 1289 2564 huiusmodi
1309 2528 1428 2574 sunt,
1448 2533 1563 2581 quae
1582 2528 1681 2563 tum
1697 2516 1874 2563 doctori

247 2591 559 2639 manifestauit
588 2592 645 2639 de
675 2591 758 2638 hac
788 2591 1025 2648 Societate3
1059 2592 1226 2656 quibus
1262 2592 1477 2638 omnibus
1518 2608 1610 2638 non
1642 2591 1877 2654 respondit

247 2666 383 2714 Pater
406 2667 586 2723 doctor,
619 2677 720 2713 tum
750 2666 856 2730 quia
880 2667 1250 2729 superuenientes
1279 2667 1451 2731 aliquot
1478 2666 1674 2730 religiosi
1705 2682 1876 2712 sermo-

247 2758 352 2788 nem
377 2741 744 2805 interruperunt‚
770 2752 870 2788 tum
895 2741 1048 2799 etiam,
1079 2742 1160 2788 etsi
1191 2758 1272 2804 per
1297 2753 1478 2804 tempus
1502 2741 1716 2798 licuisset,
1740 2739 1877 2786 satius

246 2825 397 2862 tamen
426 2815 552 2862 Patri
579 2814 821 2862 videbatur
846 2832 938 2862 non
957 2816 1231 2879 respondere
1255 2815 1409 2862 multis
1427 2832 1543 2880 quae
1561 2815 1752 2871 dixerat,
1771 2813 1877 2877 quia

301 2998 314 3024 ¹
372 3000 445 3037 Ms.
466 2996 695 3051 sagitabat.

298 3060 315 3085 2
369 3062 441 3099 Ms.
462 3073 583 3113 quur.

300 3123 330 3149 ⁸·
371 3125 445 3162 Ms.
464 3121 661 3163 vndicim.
