2008 3510
0 3177 9 3259 ww
0 3120 9 3143 ,¹-

771 268 822 308 24
850 267 1054 296 ocrossssls
1064 279 1071 287 ι
1083 256 1186 309 1556
1208 225 1225 231 f
1662 270 1739 309 475

160 373 204 409 et
227 374 390 427 questo
415 379 578 409 ancora
602 362 664 409 mi
692 363 856 426 paressi
883 362 1005 409 bono
1022 379 1110 409 con
1128 362 1190 426 gli
1210 361 1388 422 fratelli,
1409 363 1591 428 perche,
1617 375 1792 428 quanto

161 437 239 500 piu
267 449 531 483 tenneremo
556 437 599 483 in
624 448 785 501 questo
811 437 1034 500 principio
1061 437 1134 483 uia
1158 438 1204 483 in
1227 439 1558 485 communione
1581 439 1667 484 sub
1686 455 1791 497 una,

160 522 287 557 tanto
314 512 392 574 piu
418 511 655 558 affectione
681 512 871 575 pigliara
896 511 936 557 la
960 523 1095 575 gente
1121 529 1252 558 uerso
1275 513 1321 559 di
1348 513 1438 561 noi.
1462 513 1524 560 Et
1542 513 1791 560 hauendosi

161 585 235 648 poi
261 584 377 632 fatto
403 584 560 632 fauore
583 598 628 632 et
650 587 844 633 creditto
869 603 1083 650 appresso
1108 587 1148 632 la
1172 599 1322 650 gente,
1343 586 1599 635 facilmente
1619 586 1791 634 farem-

162 676 254 716 mo,
279 671 362 706 etc.

223 734 375 780 Sexto:
407 735 701 798 quantunche
726 737 750 782 e
786 735 908 781 bono
932 746 977 781 et
1003 735 1110 781 utile
1141 735 1356 781 exercitio
1391 736 1450 782 da
1485 734 1555 781 far
1587 735 1794 782 oratione

160 807 301 871 latinj,
335 807 677 855 nientedimeno
713 809 773 854 mi
815 810 990 872 pararia
1029 810 1112 855 che
1154 827 1244 855 non
1284 810 1317 855 si
1354 810 1530 856 deuessi
1565 808 1635 855 far
1665 820 1795 856 tanto

160 898 338 945 spesso,
363 882 461 928 cioe
490 883 599 946 ogni
634 883 758 946 quasi
785 883 1035 940 dominica,
1070 883 1237 946 perche
1265 883 1324 930 tal
1357 882 1613 947 frequentia
1642 883 1795 930 subito

161 955 256 1002 fara
295 956 323 1002 li
355 957 555 1004 auditori
596 956 815 1004 forastieri
851 955 1085 1015 fastidiosi,
1117 957 1199 1004 che
1232 975 1324 1003 non
1358 975 1574 1014 ueranno;
1605 969 1650 1004 et
1680 975 1726 1004 se
1760 957 1796 1004 si

157 1029 336 1077 douessi
371 1029 439 1077 far
466 1032 527 1093 (si
561 1049 691 1078 corne
722 1033 755 1078 si
788 1033 954 1095 potessi
989 1043 1057 1078 tra
1095 1032 1121 1078 li
1153 1032 1369 1098 descipulj
1405 1033 1542 1096 quelli
1575 1033 1621 1079 di
1655 1034 1797 1094 casa),

159 1104 370 1152 almanco
402 1123 493 1153 non
530 1107 590 1153 mi
626 1124 708 1171 par
738 1107 861 1153 bono
895 1107 940 1154 di
974 1107 1181 1170 publicar
1210 1125 1388 1171 sempre
1422 1109 1567 1172 questi
1598 1109 1791 1174 orationj

161 1179 276 1225 nella
300 1180 447 1227 chiesa
471 1182 699 1229 catedrale
726 1181 752 1227 il
778 1182 932 1229 domo.
963 1182 1025 1229 Et
1058 1183 1226 1245 perche
1253 1183 1362 1229 nihil
1394 1183 1518 1230 aliud
1543 1196 1624 1240 est,
1656 1201 1795 1247 quam

161 1254 334 1301 irritare
358 1256 617 1315 crabrones,
653 1258 691 1303 si
718 1274 848 1303 come
874 1257 1068 1303 uediano
1100 1258 1182 1304 che
1213 1275 1391 1321 sempre
1421 1259 1458 1304 ci
1491 1275 1723 1321 rumpono
1757 1259 1796 1305 le

158 1342 294 1388 carte,
319 1342 363 1376 et
387 1331 421 1376 si
450 1331 760 1395 infiam[an]o
786 1332 864 1395 piu
892 1344 1050 1378 contra
1074 1333 1118 1379 di
1145 1333 1237 1398 noj.

222 1405 446 1468 Septimo:
474 1424 563 1453 non
591 1408 652 1453 mi
678 1424 786 1471 pare
813 1407 936 1453 bono
962 1408 1176 1454 rittenere
1203 1408 1332 1454 molti
1361 1408 1479 1472 putti
1506 1424 1587 1471 per
1604 1407 1790 1454 seruitio

160 1495 184 1524 a
207 1496 319 1537 casa,
357 1498 402 1527 se
427 1498 520 1527 non
544 1482 696 1545 quello
719 1482 802 1528 che
824 1499 938 1528 sono
966 1482 1109 1528 molto
1135 1482 1389 1546 necessarij,
1422 1482 1586 1544 perche
1617 1498 1734 1545 poco
1764 1482 1787 1527 e

159 1570 380 1617 speranza
403 1555 459 1602 de
484 1554 589 1601 farsi
622 1555 696 1602 tali
724 1555 839 1602 della
869 1555 1159 1618 Compagnia
1186 1573 1266 1618 per
1290 1557 1460 1602 adesso.
1490 1555 1553 1602 Et
1579 1556 1789 1601 uedendo

159 1629 258 1675 loro
282 1646 384 1676 cose
408 1643 592 1689 secrete,
618 1631 909 1694 penitenciae,
936 1631 1131 1693 predioe,
1156 1641 1279 1676 tutto
1299 1632 1373 1696 poj
1396 1647 1623 1694 spargano
1643 1628 1786 1676 fuora.

156 1705 319 1767 Quelli
339 1705 422 1751 che
442 1706 621 1769 hauemj
645 1705 689 1751 in
709 1722 822 1762 casa,
841 1705 1087 1751 deueriano
1107 1705 1213 1750 tutti
1233 1705 1357 1768 quasi
1383 1703 1573 1768 [essere]
1596 1703 1789 1768 separati

160 1779 278 1826 dalla
299 1780 644 1826 conuersatione
668 1780 770 1843 dellj
799 1778 978 1843 fratellj.

226 1853 380 1899 Nono:
411 1853 424 1878 ¹
459 1854 521 1899 mi
541 1854 714 1916 pararia
735 1854 859 1899 bono
879 1851 991 1898 nelle
1010 1852 1189 1914 predice
1207 1851 1454 1898 domestice
1472 1868 1565 1898 non
1584 1851 1790 1914 predicar

160 1943 340 1990 sempre
362 1926 464 1992 dellj
495 1928 794 1991 mancamentj
816 1939 860 1973 et
883 1925 1043 1974 defetti
1077 1926 1183 1973 delli
1217 1925 1394 1983 fratelli,
1427 1927 1594 1989 perche
1625 1935 1790 1990 'questo

161 2018 252 2047 non
279 2002 302 2047 ἐ
330 2001 437 2047 utile
462 2003 518 2047 ne
543 2019 567 2047 a
591 2002 725 2066 quellj
747 2002 828 2047 che
845 2002 1102 2063 predicano,
1130 2001 1186 2046 ne
1212 2018 1236 2046 a
1259 2000 1397 2064 quelli
1422 2000 1504 2046 che
1529 2013 1738 2047 sentano:
1765 2017 1790 2045 a

159 2075 293 2138 quellj
315 2075 398 2121 che
413 2076 672 2139 predicatio,
699 2076 864 2138 perche
888 2092 980 2121 non
1000 2076 1033 2120 si
1053 2075 1307 2121 exertitano
1326 2076 1372 2121 in
1389 2075 1593 2133 materia,
1621 2077 1659 2120 la
1683 2075 1787 2138 qual

159 2150 193 2194 si
233 2150 396 2212 potessi
429 2149 526 2196 dire
562 2151 751 2214 qualche
787 2151 911 2195 uolta
945 2149 1096 2195 inanzi
1134 2149 1206 2196 del
1240 2150 1437 2212 popu103
1474 2167 1499 2195 a
1534 2149 1671 2213 quelli
1707 2150 1789 2195 che

160 2235 349 2269 sentano
374 2240 455 2286 per
477 2241 531 2269 co
560 2223 591 2282 ²,
618 2240 734 2286 poco
759 2222 905 2269 frutto
931 2223 1204 2286 reprendere
1226 2223 1252 2268 li
1274 2222 1436 2269 fratelli
1460 2223 1574 2269 nella
1593 2224 1789 2286 predica,

160 2308 205 2343 et
236 2313 402 2360 genera
426 2298 555 2344 molti
581 2298 747 2361 iuditij3
774 2296 818 2342 fa
842 2297 967 2360 quasi
1005 2296 1238 2342 inimicitia
1262 2295 1332 2342 fra
1355 2313 1418 2342 un
1445 2297 1575 2342 laltro
1602 2297 1790 2360 (questo

160 2370 263 2417 dico
286 2370 392 2417 delli
417 2371 619 2434 tentatj)‚
645 2382 691 2417 et
723 2370 1007 2417 cominciano
1031 2386 1197 2416 ancora
1221 2370 1300 2433 piu
1334 2370 1577 2416 infiamarsi
1604 2387 1735 2416 uerso
1761 2371 1788 2415 il

162 2444 408 2506 superiore,
427 2444 660 2507 pensando
683 2444 766 2490 che
790 2443 850 2507 luj
879 2443 1011 2488 habia
1036 2443 1142 2489 data
1161 2454 1322 2506 questo
1347 2454 1467 2489 teme
1494 2460 1517 2487 a
1543 2443 1786 2505 predicare.

228 2518 435 2563 Decimo:
462 2531 636 2582 quanto
661 2518 743 2564 alle
767 2518 980 2581 prediche
1001 2518 1089 2563 mie
1120 2517 1149 2573 ³,
1177 2518 1295 2564 uedo
1320 2534 1439 2563 esser
1469 2534 1594 2562 cossa
1620 2517 1789 2563 difficili

163 2592 208 2637 di
230 2593 369 2637 hauer
388 2592 465 2656 qui
492 2592 607 2638 nella
624 2593 771 2639 chiesa
796 2605 947 2639 nostra
972 2592 1211 2638 auditorio:
1233 2592 1399 2655 primo,
1419 2609 1500 2656 per
1524 2609 1642 2638 esser
1662 2604 1790 2639 tanto

163 2665 322 2712 odioso
345 2666 449 2729 quel
477 2665 597 2723 loco;
622 2667 836 2723 secund0,
863 2683 943 2729 per
970 2684 1060 2712 non
1087 2665 1191 2712 farsi
1219 2667 1465 2713 cerimonia
1491 2666 1605 2712 nella
1632 2684 1789 2723 messa,

164 2740 207 2786 ni
226 2751 375 2796 canto,
401 2741 446 2786 ni
470 2758 660 2805 organo,
684 2759 708 2787 a
732 2742 836 2806 qual
862 2758 964 2788 cosa
990 2742 1016 2788 li
1043 2742 1191 2807 boemj
1214 2759 1327 2788 sono
1348 2742 1494 2788 multo
1520 2741 1790 2807 affetionatj.

217 2932 229 2958 ¹
288 2935 364 2980 Sic;
386 2935 624 2972 desideratur
643 2947 734 2972 vero
756 2947 937 2972 numerus
958 2936 1090 2972 ordine
1112 2940 1283 2973 octavus.

217 2994 233 3019 2
290 2997 367 3035 Sic.

219 3056 234 3081 ³
289 3060 440 3096 Vienna
465 3060 643 3107 Adlerus‚
670 3061 839 3098 nondum
865 3063 1058 3107 sacerdos,
1085 3062 1247 3108 Pragam
1280 3067 1462 3100 evocatus
1490 3062 1629 3108 fuerat,
1661 3067 1701 3099 ut
1730 3064 1791 3100 hic

167 3122 373 3159 conciones
393 3122 562 3159 haberet.
583 3123 790 3170 POLANCO,
812 3127 836 3161 t.
858 3132 916 3171 vt,
937 3134 1024 3172 pag.
1047 3133 1135 3170 374,
1158 3134 1194 3162 n.
1219 3132 1333 3172 1574.
