2066 3516
749 290 801 330 27
829 277 1022 332 JANUARn
1054 280 1156 332 1556
1642 288 1716 330 175

204 385 278 432 De
301 384 564 436 Sebastiano
595 402 688 432 non
711 386 814 434 dico
846 386 1018 447 niente,
1043 386 1210 451 perche
1241 386 1316 451 gia
1338 403 1390 433 so
1421 385 1505 433 che
1530 386 1592 434 V.
1627 386 1689 434 R.
1716 385 1766 433 P.

139 461 202 509 sia
231 459 478 508 deliberata
501 460 559 507 de
589 461 849 520 mandarlo,
874 473 921 509 et
953 461 1051 508 cusi
1084 462 1292 508 sarianno
1321 460 1501 525 cinque.
1530 460 1772 507 Auertisca

140 537 253 600 pero
279 535 338 583 V.
365 535 436 594 P„
458 535 541 582 che
568 552 658 600 qua
688 535 831 582 siamo
863 537 976 583 hora
1006 537 1051 583 in
1086 537 1260 584 Loreto
1283 535 1342 582 da
1367 553 1450 595 44,
1476 546 1521 582 et
1543 536 1626 582 che
1656 534 1772 582 tanti

142 627 235 657 non
254 626 447 673 possano
465 626 609 656 essere
634 627 715 673 per
739 611 907 658 adesso.
929 611 1091 658 Nostri
1111 609 1275 657 fratelli
1296 610 1505 674 Gasparo
1526 609 1540 636 ¹
1564 627 1650 656 con
1670 609 1770 656 suoi

140 684 387 749 compagni
419 702 565 731 sonno
596 685 763 749 giomi,
788 697 833 732 et
866 685 894 732 il
925 686 1075 749 primo
1104 685 1153 733 di
1189 685 1228 731 le
1259 697 1484 731 trouorno
1509 702 1590 749 per
1619 685 1771 732 strada

141 760 169 806 l’
195 759 294 806 altri
318 760 390 806 ch’
415 761 540 806 costa
565 777 796 824 uengono,
821 777 868 807 se
892 777 984 807 non
1010 761 1104 807 sian
1128 760 1241 807 hora
1265 760 1429 824 gionti.

205 833 301 880 Noi
338 833 502 881 stiamo
538 835 734 881 anchora
771 852 861 899 qua
894 835 939 881 in
973 836 1168 881 Ancona
1201 834 1230 880 il
1266 834 1316 881 P.
1354 833 1448 882 M.⁰
1485 834 1720 897 Montoya
1742 832 1774 892 ²,

145 907 221 955 M.
249 907 415 954 Fuluio
440 919 486 954 et
509 908 565 955 io.
593 909 808 955 Domane
832 909 1020 972 partho,
1045 920 1091 955 et
1114 907 1236 955 forse
1260 909 1402 954 anche
1429 919 1585 955 nostro
1609 909 1772 968 Padre,

140 981 354 1028 restando
395 998 486 1046 qua
535 983 607 1030 M.
652 982 820 1029 Fuluio
863 999 945 1047 per
989 981 1306 1030 sodisfattione
1346 983 1403 1029 de
1450 984 1720 1047 monsignor
1742 983 1773 1032 ³.

144 1057 311 1121 Hoggi
339 1057 453 1103 nella
476 1058 830 1122 congregatione
854 1058 900 1104 di
925 1057 1097 1104 dottori
1123 1057 1198 1106 M.
1227 1057 1394 1104 Fuluio
1419 1074 1444 1103 a
1468 1055 1585 1104 fatto
1611 1057 1774 1122 grand'

142 1131 318 1178 honore
355 1131 394 1177 al
430 1131 621 1195 Signore
658 1145 703 1178 et
743 1133 784 1178 la
821 1132 1133 1196 Compagnia,
1172 1132 1496 1195 respondendo
1533 1132 1606 1178 alli
1643 1132 1769 1198 dubij

143 1206 244 1253 fatti
266 1205 296 1255 ⁴.
323 1205 416 1254 M.⁰
441 1207 657 1253 Montoia
679 1217 725 1253 et
748 1207 791 1253 io
810 1224 901 1253 non
927 1206 1174 1254 habbiamo
1198 1207 1407 1271 risposto‚
1429 1224 1509 1271 per
1533 1207 1574 1253 la
1598 1207 1776 1254 breuita

142 1282 215 1329 del
241 1293 399 1345 tempo
422 1292 467 1328 et
491 1281 777 1328 ordinatione
800 1281 872 1329 del
898 1281 1106 1346 Signore,
1125 1282 1208 1329 che
1232 1282 1330 1329 cusi
1357 1282 1533 1330 uedeua
1555 1283 1773 1347 espedire.

198 1466 211 1492 ¹
269 1468 419 1516 Gaspar
447 1469 616 1516 Konger.
650 1465 810 1508 cartas
840 1466 892 1507 de
923 1465 1012 1508 San
1042 1466 1243 1520 Ignacio,
1278 1474 1304 1506 t.
1334 1478 1399 1516 VI,
1432 1480 1521 1517 pag.
1557 1480 1649 1518 133,
1687 1481 1775 1518 134,

144 1535 275 1570 annot.
292 1542 332 1578 9.

196 1591 214 1617 2
267 1594 306 1630 P.
327 1594 496 1630 Joannes
521 1594 568 1630 de
594 1594 800 1642 Montoya,
821 1594 885 1641 qui
914 1594 1067 1632 Laureti
1090 1594 1446 1642 «Superintendens
1473 1595 1628 1643 quidem
1656 1599 1774 1634 erat».

143 1657 350 1704 POLANCO,
372 1661 397 1694 t.
418 1666 476 1704 VI,
496 1668 586 1704 pag.
608 1658 677 1706 96,
699 1669 736 1695 n.
759 1668 849 1705 330.
871 1658 964 1705 Ejus
984 1659 1153 1696 indolem
1179 1669 1224 1695 ac
1249 1659 1444 1705 ingenium
1467 1662 1554 1705 apte
1583 1658 1685 1696 idem
1705 1659 1776 1697 Po-

143 1728 293 1766 LANCO,
314 1717 341 1758 l.
363 1732 408 1766 c.,
429 1732 465 1758 n.
487 1731 679 1768 330-332,
700 1720 895 1766 describit,
917 1731 1030 1767 quem
1051 1721 1126 1767 adi,
1149 1720 1182 1757 si
1203 1721 1320 1757 lubet.

197 1779 212 1805 ³
270 1782 421 1830 Gaspar
440 1783 487 1819 de
506 1783 654 1829 Doctis,
676 1783 799 1819 almae
820 1783 957 1819 domus
978 1783 1225 1829 gubernator.

200 1842 215 1867 ⁴
269 1846 332 1882 Ad
359 1846 455 1882 haec
478 1847 613 1892 procul
638 1846 756 1882 dubio
776 1845 937 1882 refertur
963 1846 1171 1892 PoLANCO,
1193 1850 1219 1885 t.
1240 1854 1298 1892 vl,
1319 1855 1407 1892 pag.
1427 1854 1491 1892 97,
1512 1856 1549 1882 n.
1570 1855 1667 1892 334,
1690 1856 1777 1882 curn

146 1908 212 1944 ait:
236 1909 331 1944 ‹sub
353 1909 469 1945 finem
497 1910 641 1946 mensis
666 1909 878 1946 Januarii...
899 1909 1020 1945 Roma
1039 1909 1199 1945 veniens
1219 1909 1259 1945 P.
1280 1907 1440 1944 Fulvius
1460 1907 1680 1945 Androzius
1699 1909 1777 1945 An-

147 1976 296 2017 conam,
329 1983 351 2007 a
383 1972 672 2008 Gubernatore›
707 1972 778 2008 fuit
812 1976 1038 2019 «evocatus,
1068 1977 1110 2009 ut
1130 1972 1283 2008 cuidam
1312 1971 1601 2014 consultationi,
1622 1976 1777 2018 propter

143 2034 319 2080 judaeos,
341 2034 406 2081 qui
427 2045 474 2070 ex
493 2035 732 2082 Portugallia
750 2039 953 2082 venerant,
975 2036 1191 2081 institutae,
1212 2039 1254 2071 ut
1269 2034 1514 2082 jurisperitus
1534 2034 1774 2072 interesset».

147 2096 398 2144 —Quoniam
426 2109 518 2135 vero
541 2099 588 2135 de
615 2097 772 2144 Fulvio,
793 2101 990 2144 tamquam
1016 2098 1063 2133 de
1090 2097 1214 2134 sodali
1242 2100 1395 2142 nostro,
1416 2106 1519 2132 nunc
1544 2096 1710 2143 primum
1736 2097 1776 2133 in

148 2159 208 2195 his
229 2159 402 2205 epistolis
422 2161 566 2197 mentio
586 2161 640 2206 fit,
657 2171 733 2196 non
754 2160 825 2196 erit
844 2160 914 2196 abs
934 2171 974 2196 re
994 2160 1033 2196 in
1054 2160 1280 2196 memoriam
1300 2169 1494 2205 revocare,
1509 2170 1607 2206 quae
1627 2161 1674 2196 de
1691 2160 1776 2207 ipso

147 2222 286 2259 litteris
306 2224 504 2260 mandavit
523 2224 755 2261 OLIVERIUS
775 2224 1036 2269 MANAasz,
1057 2220 1127 2261 De
1145 2221 1270 2261 rebus
1289 2220 1514 2262 societatis
1529 2227 1777 2262 commenta-

147 2282 250 2331 rius,
268 2296 351 2332 cap.
369 2294 426 2332 IX,
447 2298 486 2324 n.
502 2287 537 2324 8:
559 2287 683 2323 ‹Inter
703 2287 922 2324 Canonicos
940 2282 1110 2338 [Laureti
1126 2284 1326 2336 degentes]
1343 2291 1423 2323 erat
1444 2287 1600 2333 quidam
1620 2287 1776 2323 nomine

146 2347 306 2385 Fulvius
325 2348 538 2387 Androtius
562 2350 591 2387 I.
612 2351 660 2388 V.
681 2350 838 2396 Doctor,
862 2350 926 2397 qui
947 2350 1071 2386 fuerat
1089 2349 1270 2386 Vicarius
1290 2349 1482 2396 generalis
1502 2348 1685 2396 Episcopi
1704 2349 1778 2386 Ca-

147 2411 300 2458 merini,
328 2412 387 2448 vir
412 2423 575 2459 magnae
601 2413 848 2450 authoritatis
877 2417 915 2449 et
945 2417 1141 2459 spectatae
1169 2412 1332 2449 virtutis.
1365 2412 1438 2448 Hic
1466 2412 1519 2447 ita
1551 2416 1686 2458 captus
1719 2415 1776 2448 est

148 2484 278 2510 amore
299 2473 504 2512 Societatis
531 2486 578 2511 ex
605 2476 882 2513 consuetudine
910 2486 997 2512 cum
1026 2476 1110 2521 ipsa
1137 2479 1352 2520 contracta,
1373 2478 1414 2511 ut
1441 2475 1611 2511 secundo
1633 2485 1732 2510 anno
1753 2486 1777 2510 a

148 2535 311 2582 Collegii
336 2537 581 2574 incunabulis
603 2538 752 2574 admitti
773 2539 915 2575 obnixe
944 2538 1107 2584 petierit.
1130 2537 1275 2574 Missus
1302 2541 1358 2573 est
1377 2537 1537 2573 Romam
1562 2541 1651 2583 post
1675 2537 1777 2574 facta

147 2597 340 2635 Exercitia
367 2599 591 2647 Spiritualia
619 2604 656 2637 et
681 2601 829 2637 firmam
858 2601 974 2637 animi
1002 2600 1272 2645 stabilitatem,
1299 2603 1342 2635 ut
1367 2611 1388 2635 a
1414 2600 1457 2637 B.
1485 2600 1527 2636 P.
1553 2600 1599 2636 N.
1624 2600 1775 2646 Ignatio

148 2663 413 2700 admitteretur
433 2668 469 2700 et
496 2664 771 2710 efformaretur,
793 2665 896 2710 quod
922 2664 993 2700 Dei
1020 2668 1057 2700 et
1082 2663 1206 2700 Patris
1231 2663 1420 2699 beneficio
1449 2663 1633 2708 obtinuit;
1654 2662 1776 2699 secuti

149 2728 238 2760 sunt
257 2724 382 2770 ipsum
403 2726 479 2761 duo
500 2726 622 2772 ipsius
642 2726 790 2772 fratres,
811 2725 1037 2761 Hortensius
1060 2729 1096 2761 et
1117 2725 1272 2763 Curtius
1292 2726 1484 2771 Androni,
1513 2726 1577 2772 qui
1603 2726 1642 2762 in
1668 2726 1776 2762 mini-

149 2787 266 2823 sterio
286 2787 500 2824 domestico
520 2789 651 2825 multis
671 2789 781 2825 annis
801 2788 942 2824 versati
962 2792 1063 2833 sunt,
1085 2788 1149 2824 ille
1170 2788 1315 2834 Tiburi,
1331 2788 1394 2824 hic
1413 2788 1640 2835 Mediolani,
1658 2788 1777 2824 omni-

148 2849 220 2885 bus
239 2850 445 2887 virtutibus
465 2851 709 2897 spectabiles.
730 2851 770 2888 P.
787 2851 947 2887 Fulvius
968 2850 1199 2887 constitutus
1223 2854 1281 2886 est
1300 2850 1440 2886 Rector
1460 2850 1622 2896 Collegii
1646 2850 1776 2886 Ferra-

149 2911 306 2958 riensis,
327 2913 391 2949 ubi
413 2917 449 2950 et
473 2914 574 2950 diem
598 2914 736 2950 clausit
755 2918 985 2958 extremum,
1007 2913 1170 2949 ducibus
1197 2917 1234 2949 et
1255 2913 1324 2949 toti
1352 2913 1499 2949 civitati
1526 2913 1638 2949 valde
1665 2923 1776 2949 carus

150 2974 199 3009 ob
220 2974 413 3020 egregiam
435 2976 616 3021 pietatem
637 2986 684 3012 ac
703 2986 828 3012 raram
850 2975 1104 3022 prudentiam.
1128 2973 1262 3013 Edidit
1283 2976 1435 3022 aliquos
1457 2979 1644 3012 tractatus
1663 2976 1775 3012 valde

150 3036 235 3082 pios
262 3041 299 3073 et
328 3039 582 3084 spirituales.»
613 3039 756 3085 Optimi
783 3039 852 3075 filii
883 3039 1001 3086 digna
1026 3039 1172 3086 optimo
1197 3043 1305 3085 patre
1333 3039 1488 3075 soboles
1515 3042 1640 3085 erant,
1661 3043 1703 3075 ut
1729 3048 1776 3074 ex

150 3098 306 3136 Polanci
332 3102 552 3138 narratione
580 3101 793 3149 conficitur,
815 3101 891 3148 qui,
922 3102 968 3137 de
995 3101 1055 3137 his
1076 3101 1278 3147 disserens,
1301 3101 1397 3138 haec
1418 3102 1481 3138 ait:
1505 3101 1643 3138 «Initio
1664 3101 1776 3147 hujus

151 3162 310 3199 aestatis
330 3162 495 3211 Curtius,
511 3164 634 3201 Patris
652 3164 780 3201 Fulvii
801 3168 838 3201 et
856 3163 1053 3201 Hortensii
1073 3163 1200 3211 frater,
1218 3174 1305 3201 cum
1325 3164 1516 3201 admissus
1537 3167 1649 3211 esset,
1669 3162 1775 3200 venit
