<?xml version="1.0" encoding="UTF-8"?>
<!DOCTYPE html PUBLIC "-//W3C//DTD XHTML 1.0 Transitional//EN"
    "http://www.w3.org/TR/xhtml1/DTD/xhtml1-transitional.dtd">
<html xmlns="http://www.w3.org/1999/xhtml" xml:lang="en" lang="en">
 <head>
  <title>
</title>
<meta http-equiv="Content-Type" content="text/html;charset=utf-8" />
  <meta name='ocr-system' content='tesseract 3.04.00' />
  <meta name='ocr-capabilities' content='ocr_page ocr_carea ocr_par ocr_line ocrx_word'/>
</head>
<body>
  <div class='ocr_page' id='page_1' title='image "./epistolaemixtaee05matruoft_0390.png"; bbox 0 0 2014 3528; ppageno 0'>
   <div class='ocr_carea' id='block_1_1' title="bbox 347 235 1428 288">
    <p class='ocr_par' dir='ltr' id='par_1_1' title="bbox 347 235 1428 288">
     <span class='ocr_line' id='line_1_1' title="bbox 347 235 1428 288; baseline -0.002 -13"><span class='ocrx_word' id='word_1_1' title='bbox 347 238 422 288; x_wconf 84' lang='lat'>384</span> <span class='ocrx_word' id='word_1_2' title='bbox 813 237 1045 275; x_wconf 75' lang='lat' dir='ltr'><strong>EPISTOLAE</strong></span> <span class='ocrx_word' id='word_1_3' title='bbox 1077 237 1319 275; x_wconf 61' lang='lat' dir='ltr'>Mutua—1</span> <span class='ocrx_word' id='word_1_4' title='bbox 1335 235 1406 273; x_wconf 82' lang='lat'>160</span> <span class='ocrx_word' id='word_1_5' title='bbox 1425 271 1428 273; x_wconf 16' lang='grc' dir='ltr'><strong>Α</strong></span> 
     </span>
    </p>
   </div>
   <div class='ocr_carea' id='block_1_2' title="bbox 281 342 1923 2715">
    <p class='ocr_par' dir='ltr' id='par_1_2' title="bbox 287 342 1923 1523">
     <span class='ocr_line' id='line_1_2' title="bbox 290 342 1920 406; baseline 0 -18"><span class='ocrx_word' id='word_1_6' title='bbox 290 356 451 399; x_wconf 85' lang='lat' dir='ltr'>questo</span> <span class='ocrx_word' id='word_1_7' title='bbox 477 343 631 405; x_wconf 83' lang='lat' dir='ltr'>signor</span> <span class='ocrx_word' id='word_1_8' title='bbox 655 342 761 388; x_wconf 83' lang='lat' dir='ltr'>certi</span> <span class='ocrx_word' id='word_1_9' title='bbox 790 342 916 388; x_wconf 90' lang='lat' dir='ltr'>modi</span> <span class='ocrx_word' id='word_1_10' title='bbox 943 359 1022 405; x_wconf 86' lang='lat' dir='ltr'>per</span> <span class='ocrx_word' id='word_1_11' title='bbox 1047 358 1223 388; x_wconf 89' lang='lat' dir='ltr'>esserne</span> <span class='ocrx_word' id='word_1_12' title='bbox 1243 342 1442 388; x_wconf 89' lang='lat' dir='ltr'>liberato:</span> <span class='ocrx_word' id='word_1_13' title='bbox 1471 359 1560 388; x_wconf 91' lang='lat' dir='ltr'>non</span> <span class='ocrx_word' id='word_1_14' title='bbox 1583 342 1731 389; x_wconf 89' lang='lat' dir='ltr'>scriuo</span> <span class='ocrx_word' id='word_1_15' title='bbox 1757 342 1800 389; x_wconf 97' lang='grc'>10</span> <span class='ocrx_word' id='word_1_16' title='bbox 1816 359 1920 406; x_wconf 88' lang='grc' dir='ltr'>ρ3ι·-</span> 
     </span>
     <span class='ocr_line' id='line_1_3' title="bbox 290 415 1922 481; baseline 0.001 -18"><span class='ocrx_word' id='word_1_17' title='bbox 290 417 470 463; x_wconf 85' lang='lat' dir='ltr'>ticolare</span> <span class='ocrx_word' id='word_1_18' title='bbox 495 433 575 479; x_wconf 91' lang='lat' dir='ltr'>per</span> <span class='ocrx_word' id='word_1_19' title='bbox 599 415 790 463; x_wconf 74' lang='lat' dir='ltr'>breuita.</span> <span class='ocrx_word' id='word_1_20' title='bbox 819 415 870 461; x_wconf 92' lang='lat' dir='ltr'>In</span> <span class='ocrx_word' id='word_1_21' title='bbox 897 428 1055 480; x_wconf 84' lang='lat' dir='ltr'>questa</span> <span class='ocrx_word' id='word_1_22' title='bbox 1080 427 1199 462; x_wconf 82' lang='lat' dir='ltr'>terra</span> <span class='ocrx_word' id='word_1_23' title='bbox 1223 417 1451 463; x_wconf 91' lang='lat' dir='ltr'>trouiamo</span> <span class='ocrx_word' id='word_1_24' title='bbox 1480 417 1562 464; x_wconf 88' lang='lat' dir='ltr'>che</span> <span class='ocrx_word' id='word_1_25' title='bbox 1587 429 1743 481; x_wconf 88' lang='lat' dir='ltr'>queste</span> <span class='ocrx_word' id='word_1_26' title='bbox 1769 434 1922 481; x_wconf 89' lang='lat' dir='ltr'>perso·</span> 
     </span>
     <span class='ocr_line' id='line_1_4' title="bbox 289 489 1923 554; baseline 0.001 -17"><span class='ocrx_word' id='word_1_27' title='bbox 289 508 343 537; x_wconf 91' lang='lat' dir='ltr'>ne</span> <span class='ocrx_word' id='word_1_28' title='bbox 370 489 752 536; x_wconf 86' lang='lat' dir='ltr'>uniuersalmente</span> <span class='ocrx_word' id='word_1_29' title='bbox 777 507 890 536; x_wconf 93' lang='lat' dir='ltr'>sono</span> <span class='ocrx_word' id='word_1_30' title='bbox 915 507 1030 553; x_wconf 93' lang='lat' dir='ltr'>poco</span> <span class='ocrx_word' id='word_1_31' title='bbox 1056 490 1230 536; x_wconf 90' lang='lat' dir='ltr'>amiche</span> <span class='ocrx_word' id='word_1_32' title='bbox 1254 491 1369 537; x_wconf 80' lang='lat' dir='ltr'>della</span> <span class='ocrx_word' id='word_1_33' title='bbox 1392 491 1549 554; x_wconf 90' lang='lat' dir='ltr'>parola</span> <span class='ocrx_word' id='word_1_34' title='bbox 1573 492 1629 538; x_wconf 93' lang='lat' dir='ltr'>de</span> <span class='ocrx_word' id='word_1_35' title='bbox 1661 492 1771 548; x_wconf 94' lang='lat' dir='ltr'>Dio,</span> <span class='ocrx_word' id='word_1_36' title='bbox 1798 491 1923 539; x_wconf 90' lang='lat' dir='ltr'>incli-</span> 
     </span>
     <span class='ocr_line' id='line_1_5' title="bbox 290 564 1920 629; baseline 0 -18"><span class='ocrx_word' id='word_1_37' title='bbox 290 566 379 612; x_wconf 91' lang='lat' dir='ltr'>nati</span> <span class='ocrx_word' id='word_1_38' title='bbox 414 565 531 610; x_wconf 91' lang='lat' dir='ltr'>oltra</span> <span class='ocrx_word' id='word_1_39' title='bbox 564 566 704 611; x_wconf 86' lang='lat' dir='ltr'>modo</span> <span class='ocrx_word' id='word_1_40' title='bbox 738 565 775 610; x_wconf 86' lang='lat' dir='ltr'>al</span> <span class='ocrx_word' id='word_1_41' title='bbox 810 566 956 629; x_wconf 82' lang='lat' dir='ltr'>gioco,</span> <span class='ocrx_word' id='word_1_42' title='bbox 993 564 1078 611; x_wconf 90' lang='grc'><strong>3113</strong></span> <span class='ocrx_word' id='word_1_43' title='bbox 1112 565 1392 624; x_wconf 88' lang='lat' dir='ltr'>bastemmia,</span> <span class='ocrx_word' id='word_1_44' title='bbox 1425 578 1469 611; x_wconf 92' lang='lat' dir='ltr'>et</span> <span class='ocrx_word' id='word_1_45' title='bbox 1502 565 1705 611; x_wconf 89' lang='lat' dir='ltr'>infamati</span> <span class='ocrx_word' id='word_1_46' title='bbox 1738 566 1782 612; x_wconf 89' lang='lat' dir='ltr'>di</span> <span class='ocrx_word' id='word_1_47' title='bbox 1817 566 1920 629; x_wconf 90' lang='lat' dir='ltr'>quel</span> 
     </span>
     <span class='ocr_line' id='line_1_6' title="bbox 290 639 1921 703; baseline 0.001 -18"><span class='ocrx_word' id='word_1_48' title='bbox 290 640 487 703; x_wconf 88' lang='lat' dir='ltr'>pessimo</span> <span class='ocrx_word' id='word_1_49' title='bbox 521 639 647 696; x_wconf 84' lang='lat' dir='ltr'>uitio,</span> <span class='ocrx_word' id='word_1_50' title='bbox 682 639 719 684; x_wconf 96' lang='grc'>16</span> <span class='ocrx_word' id='word_1_51' title='bbox 753 639 872 703; x_wconf 89' lang='lat' dir='ltr'>quali</span> <span class='ocrx_word' id='word_1_52' title='bbox 908 656 963 685; x_wconf 88' lang='lat' dir='ltr'>ne</span> <span class='ocrx_word' id='word_1_53' title='bbox 995 640 1146 685; x_wconf 91' lang='lat' dir='ltr'>hanno</span> <span class='ocrx_word' id='word_1_54' title='bbox 1177 640 1280 686; x_wconf 89' lang='lat' dir='ltr'>date</span> <span class='ocrx_word' id='word_1_55' title='bbox 1311 640 1537 687; x_wconf 86' lang='lat' dir='ltr'>ocassione</span> <span class='ocrx_word' id='word_1_56' title='bbox 1566 641 1610 687; x_wconf 94' lang='lat' dir='ltr'>di</span> <span class='ocrx_word' id='word_1_57' title='bbox 1649 641 1921 687; x_wconf 88' lang='lat' dir='ltr'>annuntiarli</span> 
     </span>
     <span class='ocr_line' id='line_1_7' title="bbox 288 714 1922 777; baseline 0.001 -17"><span class='ocrx_word' id='word_1_58' title='bbox 288 714 452 777; x_wconf 86' lang='lat' dir='ltr'>flagelli</span> <span class='ocrx_word' id='word_1_59' title='bbox 481 714 524 760; x_wconf 92' lang='lat' dir='ltr'>in</span> <span class='ocrx_word' id='word_1_60' title='bbox 551 714 659 777; x_wconf 86' lang='lat' dir='ltr'>ogni</span> <span class='ocrx_word' id='word_1_61' title='bbox 686 714 1032 777; x_wconf 86' lang='lat' dir='ltr'>ragionamento</span> <span class='ocrx_word' id='word_1_62' title='bbox 1052 714 1192 776; x_wconf 89' lang='lat' dir='ltr'>quasi,</span> <span class='ocrx_word' id='word_1_63' title='bbox 1214 724 1258 759; x_wconf 88' lang='lat' dir='ltr'>et</span> <span class='ocrx_word' id='word_1_64' title='bbox 1283 714 1370 777; x_wconf 78' lang='lat' dir='ltr'>gia,</span> <span class='ocrx_word' id='word_1_65' title='bbox 1391 714 1449 760; x_wconf 90' lang='lat' dir='ltr'>sei</span> <span class='ocrx_word' id='word_1_66' title='bbox 1475 714 1524 760; x_wconf 81' lang='lat' dir='ltr'>cli</span> <span class='ocrx_word' id='word_1_67' title='bbox 1544 731 1670 771; x_wconf 89' lang='lat' dir='ltr'>sono,</span> <span class='ocrx_word' id='word_1_68' title='bbox 1694 731 1922 777; x_wconf 89' lang='lat' dir='ltr'>peruenne</span> 
     </span>
     <span class='ocr_line' id='line_1_8' title="bbox 289 789 1920 853; baseline 0 -18"><span class='ocrx_word' id='word_1_69' title='bbox 289 801 413 835; x_wconf 88' lang='lat' dir='ltr'>tanta</span> <span class='ocrx_word' id='word_1_70' title='bbox 439 791 676 853; x_wconf 73' lang='lat' dir='ltr'>grandine,</span> <span class='ocrx_word' id='word_1_71' title='bbox 701 790 782 835; x_wconf 87' lang='lat' dir='ltr'>che</span> <span class='ocrx_word' id='word_1_72' title='bbox 809 805 899 835; x_wconf 90' lang='lat' dir='ltr'>non</span> <span class='ocrx_word' id='word_1_73' title='bbox 921 790 1170 835; x_wconf 88' lang='lat' dir='ltr'>recordano</span> <span class='ocrx_word' id='word_1_74' title='bbox 1190 805 1279 852; x_wconf 89' lang='lat' dir='ltr'>qua</span> <span class='ocrx_word' id='word_1_75' title='bbox 1303 789 1459 845; x_wconf 82' lang='lat' dir='ltr'>simile,</span> <span class='ocrx_word' id='word_1_76' title='bbox 1481 806 1565 835; x_wconf 88' lang='lat' dir='ltr'>con</span> <span class='ocrx_word' id='word_1_77' title='bbox 1588 789 1732 835; x_wconf 86' lang='lat' dir='ltr'>molto</span> <span class='ocrx_word' id='word_1_78' title='bbox 1751 790 1920 848; x_wconf 88' lang='lat' dir='ltr'>danno,</span> 
     </span>
     <span class='ocr_line' id='line_1_9' title="bbox 287 863 1921 928; baseline 0.001 -19"><span class='ocrx_word' id='word_1_79' title='bbox 287 863 384 910; x_wconf 89' lang='lat' dir='ltr'>solo</span> <span class='ocrx_word' id='word_1_80' title='bbox 409 863 451 909; x_wconf 91' lang='lat' dir='ltr'>in</span> <span class='ocrx_word' id='word_1_81' title='bbox 479 875 641 927; x_wconf 88' lang='lat' dir='ltr'>questo</span> <span class='ocrx_word' id='word_1_82' title='bbox 673 863 921 919; x_wconf 88' lang='lat' dir='ltr'>territorio,</span> <span class='ocrx_word' id='word_1_83' title='bbox 954 874 1197 909; x_wconf 89' lang='lat' dir='ltr'>escettuate</span> <span class='ocrx_word' id='word_1_84' title='bbox 1227 863 1265 909; x_wconf 90' lang='lat' dir='ltr'>le</span> <span class='ocrx_word' id='word_1_85' title='bbox 1298 863 1561 926; x_wconf 77' lang='lat' dir='ltr'>possessioni</span> <span class='ocrx_word' id='word_1_86' title='bbox 1598 864 1642 910; x_wconf 93' lang='lat' dir='ltr'>di</span> <span class='ocrx_word' id='word_1_87' title='bbox 1674 875 1835 928; x_wconf 92' lang='lat' dir='ltr'>questo</span> <span class='ocrx_word' id='word_1_88' title='bbox 1865 864 1921 910; x_wconf 91' lang='lat' dir='ltr'>si-</span> 
     </span>
     <span class='ocr_line' id='line_1_10' title="bbox 289 931 1920 1001; baseline 0.001 -18"><span class='ocrx_word' id='word_1_89' title='bbox 289 955 446 1001; x_wconf 84' lang='lat' dir='ltr'>gnore,</span> <span class='ocrx_word' id='word_1_90' title='bbox 475 955 554 1001; x_wconf 91' lang='lat' dir='ltr'>per</span> <span class='ocrx_word' id='word_1_91' title='bbox 580 931 838 1001; x_wconf 26' lang='lat' dir='ltr'>quanto&#39;ho</span> <span class='ocrx_word' id='word_1_92' title='bbox 863 938 1020 994; x_wconf 90' lang='lat' dir='ltr'>inteso,</span> <span class='ocrx_word' id='word_1_93' title='bbox 1046 948 1091 983; x_wconf 92' lang='lat' dir='ltr'>et</span> <span class='ocrx_word' id='word_1_94' title='bbox 1116 937 1255 1001; x_wconf 85' lang='lat' dir='ltr'>hoggi</span> <span class='ocrx_word' id='word_1_95' title='bbox 1282 954 1394 984; x_wconf 89' lang='lat' dir='ltr'>anco</span> <span class='ocrx_word' id='word_1_96' title='bbox 1429 937 1453 983; x_wconf 75' lang='grc' dir='ltr'>ὲ</span> <span class='ocrx_word' id='word_1_97' title='bbox 1478 938 1762 1001; x_wconf 87' lang='lat' dir='ltr'>grandinato:</span> <span class='ocrx_word' id='word_1_98' title='bbox 1796 949 1920 985; x_wconf 86' lang='lat' dir='ltr'>certo</span> 
     </span>
     <span class='ocr_line' id='line_1_11' title="bbox 288 1012 1921 1075; baseline 0.001 -17"><span class='ocrx_word' id='word_1_99' title='bbox 288 1013 312 1058; x_wconf 79' lang='lat' dir='ltr'>e</span> <span class='ocrx_word' id='word_1_100' title='bbox 337 1024 454 1058; x_wconf 88' lang='lat' dir='ltr'>stato</span> <span class='ocrx_word' id='word_1_101' title='bbox 481 1012 627 1058; x_wconf 86' lang='lat' dir='ltr'>molto</span> <span class='ocrx_word' id='word_1_102' title='bbox 651 1029 674 1057; x_wconf 89' lang='lat' dir='ltr'>a</span> <span class='ocrx_word' id='word_1_103' title='bbox 701 1013 949 1075; x_wconf 88' lang='lat' dir='ltr'>proposito.</span> <span class='ocrx_word' id='word_1_104' title='bbox 978 1013 1133 1059; x_wconf 87' lang='lat' dir='ltr'><strong>Credo</strong></span> <span class='ocrx_word' id='word_1_105' title='bbox 1157 1012 1240 1058; x_wconf 92' lang='lat' dir='ltr'>che</span> <span class='ocrx_word' id='word_1_106' title='bbox 1272 1024 1429 1058; x_wconf 90' lang='lat' dir='ltr'>nostro</span> <span class='ocrx_word' id='word_1_107' title='bbox 1459 1012 1649 1075; x_wconf 85' lang='lat' dir='ltr'>Signore</span> <span class='ocrx_word' id='word_1_108' title='bbox 1680 1013 1722 1058; x_wconf 91' lang='lat' dir='ltr'>n&#39;</span> <span class='ocrx_word' id='word_1_109' title='bbox 1757 1013 1921 1059; x_wconf 85' lang='lat' dir='ltr'>habbia</span> 
     </span>
     <span class='ocr_line' id='line_1_12' title="bbox 288 1084 1920 1150; baseline 0.001 -19"><span class='ocrx_word' id='word_1_110' title='bbox 288 1086 491 1132; x_wconf 89' lang='lat' dir='ltr'>mandati</span> <span class='ocrx_word' id='word_1_111' title='bbox 519 1103 598 1149; x_wconf 90' lang='lat' dir='ltr'>per</span> <span class='ocrx_word' id='word_1_112' title='bbox 624 1086 897 1132; x_wconf 88' lang='lat' dir='ltr'>annuntiarli</span> <span class='ocrx_word' id='word_1_113' title='bbox 924 1087 951 1132; x_wconf 89' lang='lat' dir='ltr'>li</span> <span class='ocrx_word' id='word_1_114' title='bbox 977 1086 1156 1150; x_wconf 83' lang='lat' dir='ltr'>flagelli,</span> <span class='ocrx_word' id='word_1_115' title='bbox 1188 1086 1306 1150; x_wconf 82' lang='lat' dir='ltr'>quali</span> <span class='ocrx_word' id='word_1_116' title='bbox 1334 1084 1442 1132; x_wconf 89' lang='lat' dir='ltr'>forsi</span> <span class='ocrx_word' id='word_1_117' title='bbox 1477 1087 1653 1133; x_wconf 87' lang='lat' dir='ltr'>sariano</span> <span class='ocrx_word' id='word_1_118' title='bbox 1677 1087 1849 1144; x_wconf 92' lang='lat' dir='ltr'>uenuti,</span> <span class='ocrx_word' id='word_1_119' title='bbox 1874 1104 1920 1133; x_wconf 91' lang='lat' dir='ltr'>se</span> 
     </span>
     <span class='ocr_line' id='line_1_13' title="bbox 288 1159 1920 1232; baseline 0.001 -26"><span class='ocrx_word' id='word_1_120' title='bbox 288 1178 379 1207; x_wconf 90' lang='lat' dir='ltr'>non</span> <span class='ocrx_word' id='word_1_121' title='bbox 406 1159 527 1207; x_wconf 90' lang='lat' dir='ltr'>fusse</span> <span class='ocrx_word' id='word_1_122' title='bbox 553 1161 591 1207; x_wconf 93' lang='grc'>13</span> <span class='ocrx_word' id='word_1_123' title='bbox 617 1161 758 1207; x_wconf 75' lang='lat' dir='ltr'>bonta</span> <span class='ocrx_word' id='word_1_124' title='bbox 783 1162 827 1208; x_wconf 92' lang='lat' dir='ltr'>di</span> <span class='ocrx_word' id='word_1_125' title='bbox 856 1172 1017 1226; x_wconf 91' lang='lat' dir='ltr'>questo</span> <span class='ocrx_word' id='word_1_126' title='bbox 1035 1162 1217 1225; x_wconf 87' lang='lat' dir='ltr'>signore</span> <span class='ocrx_word' id='word_1_127' title='bbox 1242 1172 1287 1206; x_wconf 91' lang='lat' dir='ltr'>et</span> <span class='ocrx_word' id='word_1_128' title='bbox 1304 1161 1501 1232; x_wconf 81' lang='lat' dir='ltr'>signora,</span> <span class='ocrx_word' id='word_1_129' title='bbox 1526 1161 1608 1207; x_wconf 92' lang='lat' dir='ltr'>che</span> <span class='ocrx_word' id='word_1_130' title='bbox 1628 1161 1780 1207; x_wconf 90' lang='lat' dir='ltr'>hanno</span> <span class='ocrx_word' id='word_1_131' title='bbox 1796 1173 1920 1219; x_wconf 29' lang='lat' dir='ltr'>‘rete-</span> 
     </span>
     <span class='ocr_line' id='line_1_14' title="bbox 288 1234 1918 1298; baseline 0.001 -18"><span class='ocrx_word' id='word_1_132' title='bbox 288 1247 397 1281; x_wconf 92' lang='lat' dir='ltr'>nuta</span> <span class='ocrx_word' id='word_1_133' title='bbox 424 1235 450 1280; x_wconf 83' lang='lat' dir='ltr'>l&#39;</span> <span class='ocrx_word' id='word_1_134' title='bbox 477 1235 541 1281; x_wconf 88' lang='lat' dir='ltr'>ira</span> <span class='ocrx_word' id='word_1_135' title='bbox 565 1235 621 1282; x_wconf 93' lang='lat' dir='ltr'>de</span> <span class='ocrx_word' id='word_1_136' title='bbox 648 1236 757 1291; x_wconf 88' lang='lat' dir='ltr'>Dio,</span> <span class='ocrx_word' id='word_1_137' title='bbox 785 1237 841 1282; x_wconf 77' lang='lat' dir='ltr'>ne</span> <span class='ocrx_word' id='word_1_138' title='bbox 866 1247 1046 1282; x_wconf 91' lang='lat' dir='ltr'>restano</span> <span class='ocrx_word' id='word_1_139' title='bbox 1069 1236 1152 1282; x_wconf 92' lang='lat' dir='ltr'>che</span> <span class='ocrx_word' id='word_1_140' title='bbox 1178 1234 1285 1291; x_wconf 90' lang='lat' dir='ltr'>fare,</span> <span class='ocrx_word' id='word_1_141' title='bbox 1310 1246 1355 1280; x_wconf 88' lang='lat' dir='ltr'>et</span> <span class='ocrx_word' id='word_1_142' title='bbox 1379 1234 1493 1280; x_wconf 82' lang='lat' dir='ltr'>colla</span> <span class='ocrx_word' id='word_1_143' title='bbox 1512 1234 1726 1298; x_wconf 87' lang='lat' dir='ltr'>giustitia,</span> <span class='ocrx_word' id='word_1_144' title='bbox 1750 1246 1796 1281; x_wconf 87' lang='lat' dir='ltr'>et</span> <span class='ocrx_word' id='word_1_145' title='bbox 1818 1235 1918 1282; x_wconf 88' lang='lat' dir='ltr'>coll&#39;</span> 
     </span>
     <span class='ocr_line' id='line_1_15' title="bbox 287 1308 1920 1374; baseline 0 -18"><span class='ocrx_word' id='word_1_146' title='bbox 287 1311 472 1373; x_wconf 86' lang='lat' dir='ltr'>esempi,</span> <span class='ocrx_word' id='word_1_147' title='bbox 498 1322 543 1356; x_wconf 86' lang='lat' dir='ltr'>et</span> <span class='ocrx_word' id='word_1_148' title='bbox 566 1327 650 1356; x_wconf 93' lang='lat' dir='ltr'>con</span> <span class='ocrx_word' id='word_1_149' title='bbox 681 1311 706 1356; x_wconf 84' lang='lat' dir='ltr'>l’</span> <span class='ocrx_word' id='word_1_150' title='bbox 738 1311 845 1356; x_wconf 89' lang='lat' dir='ltr'>aiuti</span> <span class='ocrx_word' id='word_1_151' title='bbox 871 1311 1091 1374; x_wconf 78' lang='lat' dir='ltr'>spirituali</span> <span class='ocrx_word' id='word_1_152' title='bbox 1123 1311 1179 1356; x_wconf 92' lang='lat' dir='ltr'>de</span> <span class='ocrx_word' id='word_1_153' title='bbox 1204 1309 1381 1355; x_wconf 83' lang='lat' dir='ltr'>ritirarli</span> <span class='ocrx_word' id='word_1_154' title='bbox 1409 1309 1447 1355; x_wconf 88' lang='grc'>31</span> <span class='ocrx_word' id='word_1_155' title='bbox 1474 1308 1562 1356; x_wconf 90' lang='lat' dir='ltr'>ben</span> <span class='ocrx_word' id='word_1_156' title='bbox 1593 1309 1751 1358; x_wconf 89' lang='lat' dir='ltr'>uiuer&#39;.</span> <span class='ocrx_word' id='word_1_157' title='bbox 1786 1309 1920 1356; x_wconf 89' lang='lat' dir='ltr'>Iddio</span> 
     </span>
     <span class='ocr_line' id='line_1_16' title="bbox 287 1384 1919 1448; baseline 0.001 -17"><span class='ocrx_word' id='word_1_158' title='bbox 287 1397 443 1431; x_wconf 88' lang='lat' dir='ltr'>nostro</span> <span class='ocrx_word' id='word_1_159' title='bbox 485 1385 674 1448; x_wconf 85' lang='lat' dir='ltr'>Signore</span> <span class='ocrx_word' id='word_1_160' title='bbox 716 1402 770 1431; x_wconf 89' lang='lat' dir='ltr'>ne</span> <span class='ocrx_word' id='word_1_161' title='bbox 798 1385 872 1432; x_wconf 90' lang='lat' dir='ltr'>dia</span> <span class='ocrx_word' id='word_1_162' title='bbox 905 1385 1049 1448; x_wconf 85' lang='lat' dir='ltr'>gratia</span> <span class='ocrx_word' id='word_1_163' title='bbox 1077 1384 1148 1431; x_wconf 89' lang='lat' dir='ltr'>ch&#39;</span> <span class='ocrx_word' id='word_1_164' title='bbox 1180 1385 1206 1431; x_wconf 88' lang='lat' dir='ltr'>il</span> <span class='ocrx_word' id='word_1_165' title='bbox 1241 1397 1396 1432; x_wconf 87' lang='lat' dir='ltr'>nostro</span> <span class='ocrx_word' id='word_1_166' title='bbox 1426 1402 1547 1431; x_wconf 90' lang='lat' dir='ltr'>seme</span> <span class='ocrx_word' id='word_1_167' title='bbox 1579 1385 1642 1431; x_wconf 88' lang='lat' dir='ltr'>sia</span> <span class='ocrx_word' id='word_1_168' title='bbox 1680 1402 1760 1448; x_wconf 93' lang='lat' dir='ltr'>per</span> <span class='ocrx_word' id='word_1_169' title='bbox 1792 1384 1919 1432; x_wconf 89' lang='lat' dir='ltr'>farne</span> 
     </span>
     <span class='ocr_line' id='line_1_17' title="bbox 287 1458 1028 1523; baseline 0.001 -19"><span class='ocrx_word' id='word_1_170' title='bbox 287 1459 495 1523; x_wconf 80' lang='lat' dir='ltr'>ricogler&#39;</span> <span class='ocrx_word' id='word_1_171' title='bbox 522 1458 770 1505; x_wconf 85' lang='lat' dir='ltr'>abundanti</span> <span class='ocrx_word' id='word_1_172' title='bbox 798 1459 1028 1522; x_wconf 87' lang='lat' dir='ltr'>manipoli.</span> 
     </span>
    </p>

    <p class='ocr_par' dir='ltr' id='par_1_3' title="bbox 282 1533 1918 2045">
     <span class='ocr_line' id='line_1_18' title="bbox 351 1533 1918 1599; baseline 0.001 -20"><span class='ocrx_word' id='word_1_173' title='bbox 351 1534 543 1596; x_wconf 68' lang='lat' dir='ltr'>Quanto</span> <span class='ocrx_word' id='word_1_174' title='bbox 569 1534 640 1580; x_wconf 90' lang='lat' dir='ltr'>alli</span> <span class='ocrx_word' id='word_1_175' title='bbox 677 1534 842 1581; x_wconf 90' lang='lat' dir='ltr'>ricordi</span> <span class='ocrx_word' id='word_1_176' title='bbox 876 1535 996 1598; x_wconf 86' lang='lat' dir='ltr'>degl’</span> <span class='ocrx_word' id='word_1_177' title='bbox 1022 1534 1208 1599; x_wconf 86' lang='lat' dir='ltr'>esercitij</span> <span class='ocrx_word' id='word_1_178' title='bbox 1236 1546 1280 1580; x_wconf 91' lang='lat' dir='ltr'>et</span> <span class='ocrx_word' id='word_1_179' title='bbox 1304 1533 1658 1598; x_wconf 83' lang='lat' dir='ltr'>frequentationi</span> <span class='ocrx_word' id='word_1_180' title='bbox 1690 1534 1793 1581; x_wconf 90' lang='lat' dir='ltr'>delli</span> <span class='ocrx_word' id='word_1_181' title='bbox 1818 1552 1918 1581; x_wconf 88' lang='lat' dir='ltr'>san-</span> 
     </span>
     <span class='ocr_line' id='line_1_19' title="bbox 287 1606 1917 1672; baseline 0.001 -18"><span class='ocrx_word' id='word_1_182' title='bbox 287 1609 442 1655; x_wconf 87' lang='lat' dir='ltr'>tissimi</span> <span class='ocrx_word' id='word_1_183' title='bbox 475 1609 758 1666; x_wconf 88' lang='lat' dir='ltr'>sacramenti,</span> <span class='ocrx_word' id='word_1_184' title='bbox 795 1626 885 1655; x_wconf 91' lang='lat' dir='ltr'>non</span> <span class='ocrx_word' id='word_1_185' title='bbox 921 1626 1209 1655; x_wconf 87' lang='lat' dir='ltr'>mancaremo</span> <span class='ocrx_word' id='word_1_186' title='bbox 1239 1606 1308 1654; x_wconf 89' lang='lat' dir='ltr'>far</span> <span class='ocrx_word' id='word_1_187' title='bbox 1339 1619 1512 1672; x_wconf 89' lang='lat' dir='ltr'>quanto</span> <span class='ocrx_word' id='word_1_188' title='bbox 1545 1609 1587 1654; x_wconf 93' lang='lat' dir='ltr'>n&#39;</span> <span class='ocrx_word' id='word_1_189' title='bbox 1620 1608 1762 1666; x_wconf 85' lang='lat' dir='ltr'>auisa;</span> <span class='ocrx_word' id='word_1_190' title='bbox 1806 1612 1917 1672; x_wconf 75' lang='lat' dir='ltr'>pero</span> 
     </span>
     <span class='ocr_line' id='line_1_20' title="bbox 284 1683 1918 1748; baseline 0.001 -19"><span class='ocrx_word' id='word_1_191' title='bbox 284 1695 458 1747; x_wconf 89' lang='lat' dir='ltr'>quanto</span> <span class='ocrx_word' id='word_1_192' title='bbox 482 1683 552 1730; x_wconf 88' lang='grc'><strong>3111</strong></span> <span class='ocrx_word' id='word_1_193' title='bbox 581 1683 733 1745; x_wconf 90' lang='lat' dir='ltr'>primi,</span> <span class='ocrx_word' id='word_1_194' title='bbox 762 1700 850 1728; x_wconf 91' lang='lat' dir='ltr'>non</span> <span class='ocrx_word' id='word_1_195' title='bbox 871 1683 907 1729; x_wconf 90' lang='lat' dir='ltr'>ci</span> <span class='ocrx_word' id='word_1_196' title='bbox 929 1684 1037 1730; x_wconf 91' lang='lat' dir='ltr'>cade</span> <span class='ocrx_word' id='word_1_197' title='bbox 1058 1684 1246 1746; x_wconf 86' lang='lat' dir='ltr'>pensar’.</span> <span class='ocrx_word' id='word_1_198' title='bbox 1269 1683 1460 1745; x_wconf 71' lang='lat' dir='ltr'>Quanto</span> <span class='ocrx_word' id='word_1_199' title='bbox 1477 1683 1546 1728; x_wconf 84' lang='lat' dir='ltr'>alli</span> <span class='ocrx_word' id='word_1_200' title='bbox 1567 1685 1784 1748; x_wconf 86' lang='lat' dir='ltr'>suggetti,</span> <span class='ocrx_word' id='word_1_201' title='bbox 1805 1701 1918 1747; x_wconf 89' lang='lat' dir='ltr'>poca</span> 
     </span>
     <span class='ocr_line' id='line_1_21' title="bbox 283 1757 1918 1821; baseline 0.001 -19"><span class='ocrx_word' id='word_1_202' title='bbox 283 1773 504 1820; x_wconf 88' lang='lat' dir='ltr'>speranza</span> <span class='ocrx_word' id='word_1_203' title='bbox 529 1758 623 1820; x_wconf 78' lang='lat' dir='ltr'>puo</span> <span class='ocrx_word' id='word_1_204' title='bbox 651 1757 707 1803; x_wconf 93' lang='lat' dir='ltr'>V.</span> <span class='ocrx_word' id='word_1_205' title='bbox 740 1757 793 1804; x_wconf 93' lang='lat' dir='ltr'>P.</span> <span class='ocrx_word' id='word_1_206' title='bbox 821 1757 961 1803; x_wconf 89' lang='lat' dir='ltr'>hauer</span> <span class='ocrx_word' id='word_1_207' title='bbox 987 1758 1032 1803; x_wconf 89' lang='lat' dir='ltr'>di</span> <span class='ocrx_word' id='word_1_208' title='bbox 1059 1774 1164 1821; x_wconf 89' lang='lat' dir='ltr'>qua,</span> <span class='ocrx_word' id='word_1_209' title='bbox 1189 1757 1286 1814; x_wconf 76' lang='lat' dir='ltr'>che,</span> <span class='ocrx_word' id='word_1_210' title='bbox 1311 1757 1498 1821; x_wconf 90' lang='lat' dir='ltr'>quando</span> <span class='ocrx_word' id='word_1_211' title='bbox 1528 1768 1663 1804; x_wconf 91' lang='lat' dir='ltr'>stesse</span> <span class='ocrx_word' id='word_1_212' title='bbox 1687 1757 1732 1803; x_wconf 87' lang='lat' dir='ltr'>in</span> <span class='ocrx_word' id='word_1_213' title='bbox 1765 1770 1918 1804; x_wconf 88' lang='lat' dir='ltr'>nostra</span> 
     </span>
     <span class='ocr_line' id='line_1_22' title="bbox 282 1820 1918 1894; baseline 0.002 -18"><span class='ocrx_word' id='word_1_214' title='bbox 282 1831 510 1888; x_wconf 89' lang='lat' dir='ltr'>elettione,</span> <span class='ocrx_word' id='word_1_215' title='bbox 537 1848 628 1876; x_wconf 90' lang='lat' dir='ltr'>non</span> <span class='ocrx_word' id='word_1_216' title='bbox 653 1847 914 1894; x_wconf 88' lang='lat' dir='ltr'>sapremmo</span> <span class='ocrx_word' id='word_1_217' title='bbox 938 1842 1152 1878; x_wconf 90' lang='lat' dir='ltr'>trouarne</span> <span class='ocrx_word' id='word_1_218' title='bbox 1177 1844 1257 1888; x_wconf 90' lang='lat' dir='ltr'>tre,</span> <span class='ocrx_word' id='word_1_219' title='bbox 1283 1820 1396 1878; x_wconf 87' lang='lat' dir='ltr'>anco</span> <span class='ocrx_word' id='word_1_220' title='bbox 1431 1833 1662 1890; x_wconf 90' lang='lat' dir='ltr'>mediocri,</span> <span class='ocrx_word' id='word_1_221' title='bbox 1688 1832 1835 1879; x_wconf 76' lang='lat' dir='ltr'>talche</span> <span class='ocrx_word' id='word_1_222' title='bbox 1860 1834 1918 1880; x_wconf 92' lang='lat' dir='ltr'>da</span> 
     </span>
     <span class='ocr_line' id='line_1_23' title="bbox 282 1906 1916 1972; baseline 0.002 -20"><span class='ocrx_word' id='word_1_223' title='bbox 282 1906 390 1970; x_wconf 87' lang='lat' dir='ltr'>ogni</span> <span class='ocrx_word' id='word_1_224' title='bbox 416 1906 565 1954; x_wconf 88' lang='lat' dir='ltr'>banda</span> <span class='ocrx_word' id='word_1_225' title='bbox 589 1923 670 1972; x_wconf 86' lang='lat' dir='ltr'>par</span> <span class='ocrx_word' id='word_1_226' title='bbox 693 1907 776 1953; x_wconf 91' lang='lat' dir='ltr'>che</span> <span class='ocrx_word' id='word_1_227' title='bbox 802 1924 892 1970; x_wconf 89' lang='lat' dir='ltr'>qua</span> <span class='ocrx_word' id='word_1_228' title='bbox 917 1907 1150 1970; x_wconf 88' lang='lat' dir='ltr'>perdiamo</span> <span class='ocrx_word' id='word_1_229' title='bbox 1185 1913 1363 1970; x_wconf 86' lang='lat' dir='ltr'>tempo:</span> <span class='ocrx_word' id='word_1_230' title='bbox 1394 1907 1561 1971; x_wconf 88' lang='lat' dir='ltr'>quello,</span> <span class='ocrx_word' id='word_1_231' title='bbox 1585 1907 1668 1953; x_wconf 90' lang='lat' dir='ltr'>che</span> <span class='ocrx_word' id='word_1_232' title='bbox 1698 1907 1722 1953; x_wconf 79' lang='grc' dir='ltr'>ὲ</span> <span class='ocrx_word' id='word_1_233' title='bbox 1747 1920 1916 1955; x_wconf 90' lang='lat' dir='ltr'>scruta—</span> 
     </span>
     <span class='ocr_line' id='line_1_24' title="bbox 283 1980 1635 2045; baseline 0.001 -18"><span class='ocrx_word' id='word_1_234' title='bbox 283 1980 371 2027; x_wconf 91' lang='lat' dir='ltr'>tor&#39;</span> <span class='ocrx_word' id='word_1_235' title='bbox 396 1982 452 2027; x_wconf 89' lang='lat' dir='ltr'>de</span> <span class='ocrx_word' id='word_1_236' title='bbox 476 1981 617 2037; x_wconf 90' lang='lat' dir='ltr'>cuori,</span> <span class='ocrx_word' id='word_1_237' title='bbox 643 1993 687 2026; x_wconf 90' lang='lat' dir='ltr'>et</span> <span class='ocrx_word' id='word_1_238' title='bbox 714 1981 770 2026; x_wconf 86' lang='lat' dir='ltr'>ha</span> <span class='ocrx_word' id='word_1_239' title='bbox 793 1998 900 2027; x_wconf 90' lang='lat' dir='ltr'>cura</span> <span class='ocrx_word' id='word_1_240' title='bbox 925 1982 980 2028; x_wconf 89' lang='lat' dir='ltr'>de</span> <span class='ocrx_word' id='word_1_241' title='bbox 1004 1980 1063 2045; x_wconf 81' lang='lat' dir='ltr'>gli</span> <span class='ocrx_word' id='word_1_242' title='bbox 1089 1981 1185 2027; x_wconf 92' lang='lat' dir='ltr'>suoi</span> <span class='ocrx_word' id='word_1_243' title='bbox 1212 1981 1347 2038; x_wconf 82' lang='lat' dir='ltr'>eletti,</span> <span class='ocrx_word' id='word_1_244' title='bbox 1373 1998 1419 2027; x_wconf 91' lang='lat' dir='ltr'>sa</span> <span class='ocrx_word' id='word_1_245' title='bbox 1444 1980 1471 2026; x_wconf 89' lang='grc'>11</span> <span class='ocrx_word' id='word_1_246' title='bbox 1497 1992 1635 2028; x_wconf 89' lang='lat' dir='ltr'>tutto.</span> 
     </span>
    </p>

    <p class='ocr_par' dir='ltr' id='par_1_4' title="bbox 282 2055 1914 2417">
     <span class='ocr_line' id='line_1_25' title="bbox 348 2055 1914 2119; baseline 0.001 -19"><span class='ocrx_word' id='word_1_247' title='bbox 348 2056 539 2117; x_wconf 68' lang='lat' dir='ltr'>Quanto</span> <span class='ocrx_word' id='word_1_248' title='bbox 564 2055 646 2101; x_wconf 90' lang='lat' dir='ltr'>alle</span> <span class='ocrx_word' id='word_1_249' title='bbox 671 2055 961 2118; x_wconf 88' lang='lat' dir='ltr'>processioni,</span> <span class='ocrx_word' id='word_1_250' title='bbox 988 2057 1024 2102; x_wconf 92' lang='lat' dir='ltr'>ci</span> <span class='ocrx_word' id='word_1_251' title='bbox 1059 2056 1297 2102; x_wconf 84' lang='lat' dir='ltr'>lassammo</span> <span class='ocrx_word' id='word_1_252' title='bbox 1332 2057 1572 2119; x_wconf 88' lang='lat' dir='ltr'>traportar’</span> <span class='ocrx_word' id='word_1_253' title='bbox 1605 2055 1680 2102; x_wconf 88' lang='lat' dir='ltr'>dal</span> <span class='ocrx_word' id='word_1_254' title='bbox 1713 2056 1914 2103; x_wconf 91' lang='lat' dir='ltr'>descide-</span> 
     </span>
     <span class='ocr_line' id='line_1_26' title="bbox 282 2129 1913 2194; baseline 0 -18"><span class='ocrx_word' id='word_1_255' title='bbox 282 2131 348 2176; x_wconf 91' lang='lat' dir='ltr'>rio</span> <span class='ocrx_word' id='word_1_256' title='bbox 374 2132 430 2176; x_wconf 92' lang='lat' dir='ltr'>de</span> <span class='ocrx_word' id='word_1_257' title='bbox 455 2131 579 2176; x_wconf 85' lang='lat' dir='ltr'>tirar’</span> <span class='ocrx_word' id='word_1_258' title='bbox 609 2142 772 2194; x_wconf 91' lang='lat' dir='ltr'>questo</span> <span class='ocrx_word' id='word_1_259' title='bbox 801 2131 972 2193; x_wconf 89' lang='lat' dir='ltr'>populo</span> <span class='ocrx_word' id='word_1_260' title='bbox 998 2131 1040 2177; x_wconf 89' lang='lat' dir='ltr'>in</span> <span class='ocrx_word' id='word_1_261' title='bbox 1068 2131 1176 2194; x_wconf 88' lang='lat' dir='ltr'>ogni</span> <span class='ocrx_word' id='word_1_262' title='bbox 1204 2132 1360 2190; x_wconf 88' lang='lat' dir='ltr'>modo,</span> <span class='ocrx_word' id='word_1_263' title='bbox 1384 2142 1429 2177; x_wconf 89' lang='lat' dir='ltr'>et</span> <span class='ocrx_word' id='word_1_264' title='bbox 1459 2129 1507 2176; x_wconf 89' lang='lat' dir='ltr'>fu</span> <span class='ocrx_word' id='word_1_265' title='bbox 1535 2131 1803 2194; x_wconf 88' lang='lat' dir='ltr'>principiato</span> <span class='ocrx_word' id='word_1_266' title='bbox 1828 2147 1913 2176; x_wconf 89' lang='lat' dir='ltr'>con</span> 
     </span>
     <span class='ocr_line' id='line_1_27' title="bbox 282 2204 1912 2269; baseline 0.001 -19"><span class='ocrx_word' id='word_1_267' title='bbox 282 2205 488 2267; x_wconf 86' lang='lat' dir='ltr'>pensiero</span> <span class='ocrx_word' id='word_1_268' title='bbox 507 2205 551 2251; x_wconf 90' lang='lat' dir='ltr'>di</span> <span class='ocrx_word' id='word_1_269' title='bbox 573 2205 654 2251; x_wconf 88' lang='lat' dir='ltr'>dar</span> <span class='ocrx_word' id='word_1_270' title='bbox 671 2204 744 2267; x_wconf 88' lang='lat' dir='ltr'>poi</span> <span class='ocrx_word' id='word_1_271' title='bbox 765 2204 790 2250; x_wconf 89' lang='grc'>11</span> <span class='ocrx_word' id='word_1_272' title='bbox 814 2205 958 2251; x_wconf 89' lang='lat' dir='ltr'>carico</span> <span class='ocrx_word' id='word_1_273' title='bbox 977 2206 1064 2268; x_wconf 87' lang='lat' dir='ltr'>agl’</span> <span class='ocrx_word' id='word_1_274' title='bbox 1091 2205 1206 2251; x_wconf 88' lang='lat' dir='ltr'>altri.</span> <span class='ocrx_word' id='word_1_275' title='bbox 1232 2206 1417 2251; x_wconf 89' lang='lat' dir='ltr'>Saremo</span> <span class='ocrx_word' id='word_1_276' title='bbox 1442 2206 1617 2252; x_wconf 89' lang='lat' dir='ltr'>hormai</span> <span class='ocrx_word' id='word_1_277' title='bbox 1636 2207 1714 2269; x_wconf 70' lang='lat' dir='ltr'>piu</span> <span class='ocrx_word' id='word_1_278' title='bbox 1732 2207 1912 2264; x_wconf 89' lang='lat' dir='ltr'>accorti,</span> 
     </span>
     <span class='ocr_line' id='line_1_28' title="bbox 282 2278 1914 2344; baseline 0.002 -21"><span class='ocrx_word' id='word_1_279' title='bbox 282 2295 375 2324; x_wconf 90' lang='lat' dir='ltr'>non</span> <span class='ocrx_word' id='word_1_280' title='bbox 401 2279 612 2325; x_wconf 89' lang='lat' dir='ltr'>hauendo</span> <span class='ocrx_word' id='word_1_281' title='bbox 631 2278 674 2324; x_wconf 89' lang='lat' dir='ltr'>io</span> <span class='ocrx_word' id='word_1_282' title='bbox 699 2279 810 2324; x_wconf 89' lang='lat' dir='ltr'>altra</span> <span class='ocrx_word' id='word_1_283' title='bbox 829 2279 1093 2342; x_wconf 89' lang='lat' dir='ltr'>oppinione,</span> <span class='ocrx_word' id='word_1_284' title='bbox 1119 2280 1190 2325; x_wconf 88' lang='lat' dir='ltr'>ch&#39;</span> <span class='ocrx_word' id='word_1_285' title='bbox 1212 2279 1255 2325; x_wconf 90' lang='lat' dir='ltr'>in</span> <span class='ocrx_word' id='word_1_286' title='bbox 1282 2290 1405 2326; x_wconf 87' lang='lat' dir='ltr'>tutto</span> <span class='ocrx_word' id='word_1_287' title='bbox 1423 2291 1468 2326; x_wconf 91' lang='lat' dir='ltr'>et</span> <span class='ocrx_word' id='word_1_288' title='bbox 1492 2297 1572 2344; x_wconf 92' lang='lat' dir='ltr'>per</span> <span class='ocrx_word' id='word_1_289' title='bbox 1592 2292 1713 2327; x_wconf 90' lang='lat' dir='ltr'>tutto</span> <span class='ocrx_word' id='word_1_290' title='bbox 1737 2297 1914 2327; x_wconf 89' lang='lat' dir='ltr'>accom-</span> 
     </span>
     <span class='ocr_line' id='line_1_29' title="bbox 282 2352 1566 2417; baseline 0.002 -19"><span class='ocrx_word' id='word_1_291' title='bbox 282 2352 508 2398; x_wconf 88' lang='lat' dir='ltr'>modarmi</span> <span class='ocrx_word' id='word_1_292' title='bbox 536 2352 606 2398; x_wconf 86' lang='lat' dir='ltr'>all&#39;</span> <span class='ocrx_word' id='word_1_293' title='bbox 633 2352 916 2399; x_wconf 91' lang='lat' dir='ltr'>institutione</span> <span class='ocrx_word' id='word_1_294' title='bbox 941 2352 1060 2399; x_wconf 88' lang='lat' dir='ltr'>della</span> <span class='ocrx_word' id='word_1_295' title='bbox 1084 2364 1237 2399; x_wconf 86' lang='lat' dir='ltr'>nostra</span> <span class='ocrx_word' id='word_1_296' title='bbox 1263 2353 1566 2417; x_wconf 88' lang='lat' dir='ltr'>Compagnia.</span> 
     </span>
    </p>

    <p class='ocr_par' dir='ltr' id='par_1_5' title="bbox 281 2426 1912 2715">
     <span class='ocr_line' id='line_1_30' title="bbox 350 2426 1911 2492; baseline 0.003 -20"><span class='ocrx_word' id='word_1_297' title='bbox 350 2426 520 2472; x_wconf 87' lang='lat' dir='ltr'>Hauea</span> <span class='ocrx_word' id='word_1_298' title='bbox 561 2439 763 2490; x_wconf 86' lang='lat' dir='ltr'>pensato,</span> <span class='ocrx_word' id='word_1_299' title='bbox 797 2428 898 2474; x_wconf 87' lang='lat' dir='ltr'>anzi</span> <span class='ocrx_word' id='word_1_300' title='bbox 932 2428 975 2474; x_wconf 92' lang='lat' dir='ltr'>in</span> <span class='ocrx_word' id='word_1_301' title='bbox 1011 2428 1189 2492; x_wconf 90' lang='lat' dir='ltr'>pulpito</span> <span class='ocrx_word' id='word_1_302' title='bbox 1227 2429 1368 2475; x_wconf 85' lang='lat' dir='ltr'>hauea</span> <span class='ocrx_word' id='word_1_303' title='bbox 1400 2430 1543 2487; x_wconf 93' lang='lat' dir='ltr'>detto,</span> <span class='ocrx_word' id='word_1_304' title='bbox 1576 2429 1718 2477; x_wconf 86' lang='lat' dir='ltr'>uoler&#39;</span> <span class='ocrx_word' id='word_1_305' title='bbox 1757 2431 1911 2477; x_wconf 88' lang='lat' dir='ltr'>andar’</span> 
     </span>
     <span class='ocr_line' id='line_1_31' title="bbox 283 2503 1911 2568; baseline 0.002 -22"><span class='ocrx_word' id='word_1_306' title='bbox 283 2518 362 2564; x_wconf 91' lang='lat' dir='ltr'>per</span> <span class='ocrx_word' id='word_1_307' title='bbox 389 2503 427 2546; x_wconf 84' lang='grc'>13</span> <span class='ocrx_word' id='word_1_308' title='bbox 453 2514 569 2547; x_wconf 80' lang='lat' dir='ltr'>terra</span> <span class='ocrx_word' id='word_1_309' title='bbox 595 2519 618 2547; x_wconf 89' lang='lat' dir='ltr'>a</span> <span class='ocrx_word' id='word_1_310' title='bbox 643 2503 910 2548; x_wconf 89' lang='lat' dir='ltr'>domandar‘</span> <span class='ocrx_word' id='word_1_311' title='bbox 939 2503 965 2548; x_wconf 89' lang='lat' dir='ltr'>l&#39;</span> <span class='ocrx_word' id='word_1_312' title='bbox 990 2503 1223 2549; x_wconf 88' lang='lat' dir='ltr'>elimosina</span> <span class='ocrx_word' id='word_1_313' title='bbox 1248 2520 1329 2566; x_wconf 91' lang='lat' dir='ltr'>per</span> <span class='ocrx_word' id='word_1_314' title='bbox 1354 2504 1380 2550; x_wconf 93' lang='lat' dir='ltr'>li</span> <span class='ocrx_word' id='word_1_315' title='bbox 1417 2504 1575 2567; x_wconf 89' lang='lat' dir='ltr'>poueri</span> <span class='ocrx_word' id='word_1_316' title='bbox 1605 2505 1911 2568; x_wconf 85' lang='lat' dir='ltr'>uergogniosi,</span> 
     </span>
     <span class='ocr_line' id='line_1_32' title="bbox 281 2576 1912 2641; baseline 0.002 -21"><span class='ocrx_word' id='word_1_317' title='bbox 281 2576 319 2620; x_wconf 78' lang='lat' dir='ltr'>si</span> <span class='ocrx_word' id='word_1_318' title='bbox 356 2593 435 2638; x_wconf 88' lang='lat' dir='ltr'>per</span> <span class='ocrx_word' id='word_1_319' title='bbox 472 2576 560 2621; x_wconf 88' lang='lat' dir='ltr'>mia</span> <span class='ocrx_word' id='word_1_320' title='bbox 592 2576 956 2634; x_wconf 87' lang='lat' dir='ltr'>mortificatione,</span> <span class='ocrx_word' id='word_1_321' title='bbox 987 2576 1024 2622; x_wconf 79' lang='lat' dir='ltr'>si</span> <span class='ocrx_word' id='word_1_322' title='bbox 1052 2593 1131 2639; x_wconf 92' lang='lat' dir='ltr'>per</span> <span class='ocrx_word' id='word_1_323' title='bbox 1162 2594 1251 2622; x_wconf 92' lang='lat' dir='ltr'>non</span> <span class='ocrx_word' id='word_1_324' title='bbox 1280 2578 1413 2623; x_wconf 86' lang='lat' dir='ltr'>lassar</span> <span class='ocrx_word' id='word_1_325' title='bbox 1442 2578 1523 2623; x_wconf 90' lang='lat' dir='ltr'>che</span> <span class='ocrx_word' id='word_1_326' title='bbox 1549 2576 1632 2624; x_wconf 80' lang='lat' dir='ltr'>far’</span> <span class='ocrx_word' id='word_1_327' title='bbox 1664 2595 1744 2641; x_wconf 90' lang='lat' dir='ltr'>per</span> <span class='ocrx_word' id='word_1_328' title='bbox 1768 2578 1912 2624; x_wconf 84' lang='lat' dir='ltr'>aiutar</span> 
     </span>
     <span class='ocr_line' id='line_1_33' title="bbox 283 2650 1910 2715; baseline 0.002 -20"><span class='ocrx_word' id='word_1_329' title='bbox 283 2662 439 2713; x_wconf 92' lang='lat' dir='ltr'>queste</span> <span class='ocrx_word' id='word_1_330' title='bbox 466 2651 623 2713; x_wconf 90' lang='lat' dir='ltr'>pouer&#39;</span> <span class='ocrx_word' id='word_1_331' title='bbox 650 2652 817 2699; x_wconf 87' lang='lat' dir='ltr'>anime:</span> <span class='ocrx_word' id='word_1_332' title='bbox 844 2651 905 2697; x_wconf 88' lang='lat' dir='ltr'>mi</span> <span class='ocrx_word' id='word_1_333' title='bbox 932 2652 956 2697; x_wconf 78' lang='grc'><strong>6</strong></span> <span class='ocrx_word' id='word_1_334' title='bbox 981 2668 1113 2715; x_wconf 89' lang='lat' dir='ltr'>parso</span> <span class='ocrx_word' id='word_1_335' title='bbox 1139 2651 1252 2697; x_wconf 88' lang='lat' dir='ltr'>bene</span> <span class='ocrx_word' id='word_1_336' title='bbox 1283 2669 1372 2697; x_wconf 90' lang='lat' dir='ltr'>non</span> <span class='ocrx_word' id='word_1_337' title='bbox 1409 2650 1477 2697; x_wconf 90' lang='lat' dir='ltr'>far</span> <span class='ocrx_word' id='word_1_338' title='bbox 1508 2651 1661 2698; x_wconf 90' lang='lat' dir='ltr'>niente</span> <span class='ocrx_word' id='word_1_339' title='bbox 1689 2668 1824 2698; x_wconf 89' lang='lat' dir='ltr'>senza</span> <span class='ocrx_word' id='word_1_340' title='bbox 1857 2652 1910 2698; x_wconf 90' lang='grc'>11-</span> 
     </span>
    </p>
   </div>
   <div class='ocr_carea' id='block_1_3' title="bbox 279 2793 1909 3095">
    <p class='ocr_par' dir='ltr' id='par_1_6' title="bbox 279 2793 1909 3095">
     <span class='ocr_line' id='line_1_34' title="bbox 280 2793 1908 2850; baseline 0 -16"><span class='ocrx_word' id='word_1_341' title='bbox 280 2799 508 2836; x_wconf 84' lang='lat' dir='ltr'>exscribere:</span> <span class='ocrx_word' id='word_1_342' title='bbox 536 2799 794 2846; x_wconf 79' lang='lat' dir='ltr'>«Assignatus</span> <span class='ocrx_word' id='word_1_343' title='bbox 815 2803 871 2835; x_wconf 88' lang='lat' dir='ltr'>est</span> <span class='ocrx_word' id='word_1_344' title='bbox 892 2799 925 2834; x_wconf 90' lang='lat' dir='ltr'>ei</span> <span class='ocrx_word' id='word_1_345' title='bbox 955 2793 1022 2850; x_wconf 89' lang='lat' dir='ltr'>[sc.</span> <span class='ocrx_word' id='word_1_346' title='bbox 1046 2796 1254 2846; x_wconf 82' lang='lat' dir='ltr'>Androtio]</span> <span class='ocrx_word' id='word_1_347' title='bbox 1279 2808 1364 2833; x_wconf 88' lang='lat' dir='ltr'>cum</span> <span class='ocrx_word' id='word_1_348' title='bbox 1392 2797 1499 2833; x_wconf 87' lang='lat' dir='ltr'>socio</span> <span class='ocrx_word' id='word_1_349' title='bbox 1519 2797 1627 2834; x_wconf 88' lang='lat' dir='ltr'>locus</span> <span class='ocrx_word' id='word_1_350' title='bbox 1657 2798 1824 2844; x_wconf 87' lang='lat' dir='ltr'>quidam,</span> <span class='ocrx_word' id='word_1_351' title='bbox 1846 2799 1908 2845; x_wconf 91' lang='lat' dir='ltr'>qui</span> 
     </span>
     <span class='ocr_line' id='line_1_35' title="bbox 280 2859 1909 2906; baseline -0.001 -9"><span class='ocrx_word' id='word_1_352' title='bbox 280 2860 361 2897; x_wconf 89' lang='lat' dir='ltr'>Sto.</span> <span class='ocrx_word' id='word_1_353' title='bbox 385 2861 514 2897; x_wconf 88' lang='lat' dir='ltr'>Rocho</span> <span class='ocrx_word' id='word_1_354' title='bbox 537 2862 688 2901; x_wconf 86' lang='lat' dir='ltr'>dicatus</span> <span class='ocrx_word' id='word_1_355' title='bbox 710 2866 800 2905; x_wconf 88' lang='lat' dir='ltr'>erat,</span> <span class='ocrx_word' id='word_1_356' title='bbox 824 2865 860 2896; x_wconf 84' lang='lat' dir='ltr'>et</span> <span class='ocrx_word' id='word_1_357' title='bbox 880 2860 1083 2906; x_wconf 87' lang='lat' dir='ltr'>hospitalis</span> <span class='ocrx_word' id='word_1_358' title='bbox 1104 2860 1209 2895; x_wconf 88' lang='lat' dir='ltr'>velut</span> <span class='ocrx_word' id='word_1_359' title='bbox 1226 2860 1436 2895; x_wconf 87' lang='lat' dir='ltr'>membrum</span> <span class='ocrx_word' id='word_1_360' title='bbox 1460 2863 1579 2896; x_wconf 82' lang='lat' dir='ltr'>erat...</span> <span class='ocrx_word' id='word_1_361' title='bbox 1593 2863 1629 2895; x_wconf 88' lang='lat' dir='ltr'>et</span> <span class='ocrx_word' id='word_1_362' title='bbox 1649 2860 1745 2896; x_wconf 85' lang='lat' dir='ltr'>haec</span> <span class='ocrx_word' id='word_1_363' title='bbox 1756 2859 1909 2896; x_wconf 83' lang='lat' dir='ltr'>videba-</span> 
     </span>
     <span class='ocr_line' id='line_1_36' title="bbox 280 2921 1909 2968; baseline 0 -10"><span class='ocrx_word' id='word_1_364' title='bbox 280 2927 339 2959; x_wconf 87' lang='lat' dir='ltr'>tur</span> <span class='ocrx_word' id='word_1_365' title='bbox 361 2934 469 2960; x_wconf 84' lang='lat' dir='ltr'>mens</span> <span class='ocrx_word' id='word_1_366' title='bbox 492 2935 578 2960; x_wconf 88' lang='lat' dir='ltr'>esse</span> <span class='ocrx_word' id='word_1_367' title='bbox 599 2923 754 2960; x_wconf 89' lang='lat' dir='ltr'>Domini</span> <span class='ocrx_word' id='word_1_368' title='bbox 776 2923 947 2959; x_wconf 89' lang='lat' dir='ltr'>Leonelli</span> <span class='ocrx_word' id='word_1_369' title='bbox 969 2922 1036 2967; x_wconf 88' lang='lat' dir='ltr'>Pii,</span> <span class='ocrx_word' id='word_1_370' title='bbox 1058 2927 1098 2958; x_wconf 90' lang='lat' dir='ltr'>ut</span> <span class='ocrx_word' id='word_1_371' title='bbox 1120 2932 1165 2957; x_wconf 93' lang='lat' dir='ltr'>eo</span> <span class='ocrx_word' id='word_1_372' title='bbox 1186 2921 1223 2957; x_wconf 83' lang='lat' dir='ltr'>in</span> <span class='ocrx_word' id='word_1_373' title='bbox 1247 2923 1332 2958; x_wconf 88' lang='lat' dir='ltr'>loco</span> <span class='ocrx_word' id='word_1_374' title='bbox 1363 2921 1540 2958; x_wconf 87' lang='lat' dir='ltr'>Societas</span> <span class='ocrx_word' id='word_1_375' title='bbox 1568 2926 1753 2964; x_wconf 84' lang='lat' dir='ltr'>maneret,</span> <span class='ocrx_word' id='word_1_376' title='bbox 1779 2932 1909 2968; x_wconf 87' lang='lat' dir='ltr'>quam-</span> 
     </span>
     <span class='ocr_line' id='line_1_37' title="bbox 279 2983 1905 3032; baseline -0.001 -12"><span class='ocrx_word' id='word_1_377' title='bbox 279 2985 337 3021; x_wconf 87' lang='lat' dir='ltr'>vis</span> <span class='ocrx_word' id='word_1_378' title='bbox 357 2986 484 3031; x_wconf 87' lang='lat' dir='ltr'>potius</span> <span class='ocrx_word' id='word_1_379' title='bbox 497 2991 538 3022; x_wconf 89' lang='lat' dir='ltr'>ut</span> <span class='ocrx_word' id='word_1_380' title='bbox 555 2988 602 3022; x_wconf 90' lang='lat' dir='ltr'>ad</span> <span class='ocrx_word' id='word_1_381' title='bbox 621 2986 840 3022; x_wconf 88' lang='lat' dir='ltr'>missionem</span> <span class='ocrx_word' id='word_1_382' title='bbox 858 2985 1063 3032; x_wconf 88' lang='lat' dir='ltr'>quamdam</span> <span class='ocrx_word' id='word_1_383' title='bbox 1081 2984 1219 3020; x_wconf 84' lang='lat' dir='ltr'>missus</span> <span class='ocrx_word' id='word_1_384' title='bbox 1235 2984 1275 3021; x_wconf 87' lang='lat' dir='ltr'>P.</span> <span class='ocrx_word' id='word_1_385' title='bbox 1291 2983 1449 3020; x_wconf 89' lang='lat' dir='ltr'>Fulvius</span> <span class='ocrx_word' id='word_1_386' title='bbox 1466 2987 1553 3019; x_wconf 90' lang='lat' dir='ltr'>cum</span> <span class='ocrx_word' id='word_1_387' title='bbox 1569 2983 1677 3020; x_wconf 91' lang='lat' dir='ltr'>socio</span> <span class='ocrx_word' id='word_1_388' title='bbox 1694 2984 1905 3020; x_wconf 85' lang='lat' dir='ltr'>videatur...</span> 
     </span>
     <span class='ocr_line' id='line_1_38' title="bbox 280 3046 1907 3095; baseline 0.001 -13"><span class='ocrx_word' id='word_1_389' title='bbox 280 3047 382 3083; x_wconf 88' lang='lat' dir='ltr'>Inter</span> <span class='ocrx_word' id='word_1_390' title='bbox 403 3049 620 3095; x_wconf 84' lang='lat' dir='ltr'>praecipua,</span> <span class='ocrx_word' id='word_1_391' title='bbox 642 3059 740 3095; x_wconf 87' lang='lat' dir='ltr'>quae</span> <span class='ocrx_word' id='word_1_392' title='bbox 768 3047 955 3084; x_wconf 88' lang='lat' dir='ltr'>Dominus</span> <span class='ocrx_word' id='word_1_393' title='bbox 980 3047 1185 3083; x_wconf 89' lang='lat' dir='ltr'>Leonellus</span> <span class='ocrx_word' id='word_1_394' title='bbox 1212 3057 1233 3082; x_wconf 90' lang='lat' dir='ltr'>a</span> <span class='ocrx_word' id='word_1_395' title='bbox 1255 3046 1396 3082; x_wconf 85' lang='lat' dir='ltr'>nostris</span> <span class='ocrx_word' id='word_1_396' title='bbox 1425 3047 1665 3093; x_wconf 84' lang='lat' dir='ltr'>expectabat,</span> <span class='ocrx_word' id='word_1_397' title='bbox 1688 3046 1907 3083; x_wconf 86' lang='lat' dir='ltr'>reformatio</span> 
     </span>
    </p>
   </div>
   <div class='ocr_carea' id='block_1_4' title="bbox 280 3111 921 3157">
    <p class='ocr_par' dir='ltr' id='par_1_7' title="bbox 280 3111 921 3157">
     <span class='ocr_line' id='line_1_39' title="bbox 280 3111 921 3157; baseline -0.008 -8"><span class='ocrx_word' id='word_1_398' title='bbox 280 3114 359 3149; x_wconf 86' lang='lat' dir='ltr'>erat</span> <span class='ocrx_word' id='word_1_399' title='bbox 379 3111 637 3148; x_wconf 86' lang='lat' dir='ltr'>ministrorum</span> <span class='ocrx_word' id='word_1_400' title='bbox 659 3111 921 3157; x_wconf 76' lang='lat' dir='ltr'>hospitalis...»</span> 
     </span>
    </p>
   </div>
  </div>
 </body>
</html>
