2014 3528
793 252 839 292 31
870 252 972 288 Jum
1009 240 1109 291 1556
1637 252 1713 290 399

135 358 247 406 tore,
281 346 580 411 supplicando
611 346 654 395 S.
687 346 730 394 S.
771 347 910 395 Rma.
952 346 1036 393 che
1076 346 1150 393 dia
1189 345 1352 393 ordine
1392 362 1417 392 a
1457 345 1604 409 questi
1645 343 1767 401 frati,

134 422 320 487 quando
346 438 557 486 uengano
582 421 715 468 simili
740 422 986 480 occasioni,
1019 421 1053 468 si
1083 421 1267 485 procedi
1292 437 1378 467 con
1405 419 1446 466 la
1469 419 1655 467 debbita
1682 419 1767 476 uia,

134 509 179 544 et
202 514 295 545 non
319 497 566 543 acclamino
590 513 675 543 con
700 497 1005 543 scandalizare
1030 496 1057 542 il
1084 496 1270 559 popolo,
1299 495 1412 541 Non
1439 494 1566 541 altro.
1599 495 1765 542 Paren-

133 572 259 629 doui,
285 582 462 636 potrete
488 572 705 618 mandare
726 570 764 617 al
794 571 846 619 P.
872 570 1053 635 Ignatio
1071 581 1229 634 questa
1250 570 1354 617 mia.
1381 569 1559 615 Nostro
1582 569 1766 632 signore

132 647 265 694 Iddio
295 647 339 693 ui
378 647 642 711 mantenghi
675 647 719 693 in
750 663 831 692 sua
862 658 990 692 santa
1019 646 1186 710 gratia,
1216 657 1261 692 et
1292 644 1526 709 pregatelo
1559 661 1640 708 per
1672 661 1761 691 me.

134 720 269 768 Dalla
293 721 468 785 Mag.na
494 721 522 767 il
551 736 611 782 29
635 721 680 768 di
709 717 859 784 Iuglio
883 720 953 768 del
987 721 1125 782 1556.

197 869 256 915 D.
327 867 382 914 Li
423 883 450 929 3
495 868 739 934 testimonij
775 868 1018 915 examinati
1054 867 1167 914 nella
1202 867 1431 931 negation'
1457 867 1561 914 delli
1602 878 1766 932 quatro

130 943 302 990 dottori
327 942 444 989 della
468 943 650 989 ecclesia
674 943 952 1006 simpliciter.
1683 998 1687 1001 ¹

205 1033 221 1062 1
297 1017 403 1081 Ego
443 1017 632 1064 Sanctus
673 1017 731 1064 de
775 1017 966 1075 Sanctis,
1016 1017 1315 1064 racanatensis
1363 1017 1587 1074 medicus,
1630 1008 1785 1080 penes⁸

135 1091 414 1138 Mathelicae
438 1092 680 1138 dominum
706 1102 848 1138 testor
873 1107 946 1137 me
971 1108 1209 1155 nunquam
1245 1091 1472 1139 audiuisse
1504 1092 1548 1139 in
1576 1092 1767 1155 publicis

136 1165 244 1214 Rdi.
292 1166 438 1213 Patris
479 1166 746 1213 Emanuelis
787 1166 1084 1213 concionibus
1126 1166 1278 1230 ipsum
1321 1179 1522 1232 quatuor
1559 1167 1767 1214 ecclesiae

130 1240 339 1287 doctores
364 1241 628 1303 simpliciter
652 1256 850 1304 negasse,
872 1257 952 1287 nec
972 1240 1017 1286 in
1035 1241 1126 1287 suis
1148 1241 1548 1305 disputationibus.
1579 1242 1767 1288 Mathe-

129 1314 237 1361 licae
261 1315 334 1362 die
358 1329 422 1375 30
444 1315 573 1375 Junii
606 1315 745 1376 1556.

193 1479 219 1511 2
292 1464 357 1511 Et
380 1481 470 1528 ego
500 1463 733 1510 Barnabas
762 1463 1003 1522 Rundula,
1029 1463 1317 1527 pisaurensis,
1344 1464 1512 1528 publici
1539 1465 1764 1529 gymnasii

132 1538 409 1586 Mathelicae
441 1539 746 1585 humanarum
780 1539 1011 1585 literarum
1043 1539 1282 1603 magister,
1316 1539 1567 1599 confirmo,
1600 1557 1765 1599 assero,

127 1613 382 1677 comprobo
404 1613 432 1670 ¹,
463 1625 516 1660 ut
551 1630 689 1677 supra
720 1614 909 1660 Sanctus
940 1615 997 1661 de
1031 1615 1220 1671 Sanctis,
1255 1615 1461 1662 medicus
1493 1615 1766 1663 eccellentis-

129 1689 286 1749 simus,
316 1689 398 1735 hac
423 1689 468 1735 in
494 1706 541 1735 re
567 1699 755 1735 testatus
780 1700 866 1737 est.

196 1852 223 1899 3
295 1838 443 1902 Copia
473 1839 518 1885 d’
540 1855 631 1885 vna
660 1838 817 1885 lettera
848 1838 922 1885 del
954 1839 1121 1886 vicario
1153 1840 1361 1904 generale
1394 1840 1467 1888 del
1501 1841 1768 1905 sopradetto

132 1929 342 1969 vescouo,
369 1912 583 1959 mandata
606 1929 632 1959 a
654 1930 753 1959 esso
778 1930 974 1960 vescouo
998 1914 1044 1960 in
1069 1915 1335 1963 testimonio
1366 1916 1482 1963 delle
1507 1917 1768 1980 sopradette

130 2004 232 2034 cose
256 1987 295 2033 al
322 1987 456 2034 luoco
479 1987 607 2034 detto
633 1987 674 2033 la
702 1988 891 2051 Magna,
916 1988 1038 2035 doue
1062 2005 1159 2036 esso
1186 2006 1386 2037 vescouo
1407 1991 1661 2039 dimorava.

199 2062 340 2109 Rmo.
383 2063 680 2126 monsignore
708 2073 754 2108 et
782 2062 961 2125 padron
1003 2063 1096 2109 mio
1136 2065 1558 2113 osservandissimo.
1605 2062 1765 2112 Hebbi

131 2148 291 2202 questa
315 2138 486 2184 matina
510 2154 602 2183 una
627 2137 671 2184 di
698 2137 754 2183 V.
783 2137 824 2183 S.
851 2137 927 2183 Ne
954 2137 1195 2184 Emanuel'
1231 2140 1287 2185 ne
1319 2139 1345 2185 ’l
1372 2139 1638 2186 zocculante
1662 2157 1768 2203 pre-

130 2212 282 2259 dicara
306 2228 442 2275 sopra
467 2211 507 2257 la
530 2211 806 2258 conclusion'
830 2211 1057 2267 dubitata3
1084 2228 1158 2258 ma
1180 2213 1283 2260 dico
1307 2213 1422 2260 bene
1446 2231 1471 2260 a
1495 2214 1657 2277 quella,
1682 2214 1766 2260 che

134 2304 226 2333 non
256 2287 280 2333 ἐ
310 2304 423 2333 uero
455 2287 537 2333 che
571 2286 796 2333 Emanuel
841 2286 978 2333 habbi
1021 2299 1185 2351 negato
1224 2289 1488 2352 simpliciter
1527 2306 1605 2335 san
1649 2289 1766 2336 Gre-

134 2362 285 2425 gorio,
318 2361 374 2407 ne
404 2378 483 2408 san
517 2361 824 2417 Hieronimo,
857 2361 951 2407 ansi
983 2378 1068 2407 con
1093 2362 1362 2422 distinsion’,
1395 2364 1590 2410 dicendo
1621 2365 1767 2410 ancho

134 2437 216 2482 che
242 2437 298 2482 ne
321 2453 400 2482 san
423 2435 686 2482 Thomasso
715 2435 759 2481 in
785 2446 903 2482 tutte
928 2435 967 2482 le
990 2453 1068 2481 sue
1091 2436 1293 2483 dottrine
1306 2454 1382 2484 era
1406 2448 1627 2484 accettato
1651 2437 1768 2484 dalla

135 2511 296 2558 chiesa.
326 2510 445 2556 Pero
471 2510 500 2556 il
526 2508 660 2567 frate,
687 2510 945 2573 pattendosi
980 2510 1097 2556 dalla
1126 2511 1416 2559 conclusione
1449 2511 1718 2576 principale,
1744 2529 1769 2558 a

137 2584 285 2649 quella
317 2584 543 2642 cedendO,
577 2584 633 2629 ha
664 2601 800 2630 meno
824 2584 1011 2647 ragione
1042 2584 1156 2630 nelle
1186 2585 1483 2649 dependenti,
1515 2586 1599 2632 che
1624 2603 1716 2631 non
1742 2586 1766 2631 e

137 2670 251 2705 stata
276 2658 515 2722 negatione
538 2658 772 2720 semplice,
800 2675 874 2704 ma
902 2675 987 2704 con
1019 2658 1294 2706 distinsione‚
1329 2660 1508 2721 Questo
1533 2660 1767 2707 medesmo

137 2733 355 2780 dirranno
386 2733 414 2778 li
446 2732 630 2790 astanti,
663 2733 859 2778 maxime
890 2732 917 2778 il
951 2732 1123 2795 phisico
1156 2750 1179 2778 e
1212 2733 1240 2780 il
1274 2746 1470 2780 maestro
1502 2733 1767 2797 cappellano

137 2808 209 2854 del
233 2808 415 2871 signore
438 2818 483 2854 et
507 2807 620 2853 altri.
647 2806 766 2853 Pero
791 2806 821 2853 li
853 2807 913 2852 ho
943 2807 1156 2853 ordinato
1190 2809 1383 2855 mettino
1414 2808 1459 2854 in
1485 2824 1655 2871 penna,
1682 2825 1706 2854 e
1731 2808 1765 2853 si

140 2882 292 2928 mandi
333 2899 358 2927 a
386 2881 444 2929 V.
477 2882 537 2938 S.,
562 2897 590 2927 o
622 2898 732 2927 uero
764 2881 798 2926 si
830 2897 1133 2944 conuengano
1164 2897 1249 2944 pro
1272 2892 1394 2928 certa
1431 2882 1531 2939 die,
1569 2882 1766 2928 secondo

139 2957 297 3020 patera
313 2973 337 3002 a
356 2956 414 3002 V.
436 2957 496 3012 S.,
515 2957 571 3002 ad
594 2955 944 3018 disceptandum
965 2966 1180 3002 oretenus
1197 2971 1350 3003 coram
1369 2973 1431 3003 ea.
1453 2956 1515 3002 Et
1537 2972 1766 3019 cognosco

192 3112 207 3140 ²
263 3117 337 3153 Ms.
358 3113 591 3166 compobro.
