2014 3528
782 255 825 296 13
857 254 1001 283 MARTn
1035 244 1133 295 1556
1640 255 1714 296 253

138 350 335 414 trabajos
359 347 483 397 desta
508 349 689 408 §iudad,
710 367 797 414 que
816 367 903 396 con
921 350 960 396 la
974 343 1162 396 carestia
1182 367 1263 396 son
1283 350 1487 414 grandes:
1511 368 1535 413 y
1556 367 1642 397 con
1658 350 1769 397 ellos

133 425 311 489 podian
340 425 464 471 venir
489 436 616 470 otros
640 441 730 487 que
757 424 816 470 les
846 425 1112 487 ayudassen.
1146 424 1398 470 Procurare
1429 441 1518 488 que
1543 426 1582 470 la
1605 425 1770 471 cibdad

142 499 206 545 los
230 499 353 562 acoja
377 499 432 545 de
459 498 607 544 buena
632 491 762 561 gana,
789 515 814 560 y
842 498 900 544 les
924 497 1070 544 sefiale
1094 515 1212 545 casa:
1236 498 1277 543 10
1293 499 1449 546 demas
1468 499 1608 545 haure
1634 517 1693 562 yo
1713 500 1770 546 de

140 590 346 636 prouecr,
371 589 504 619 corno
534 572 573 618 el
611 571 860 632 lioenqiado
895 572 1166 618 Merchante
1196 573 1418 619 escriuera
1449 576 1545 620 mas
1575 573 1717 637 largo,
1744 576 1770 621 a

139 647 275 711 quien
302 664 373 693 me
398 646 576 702 remito;
596 664 623 709 y
646 659 828 692 nuestro
848 647 990 693 Sefior
1010 664 1060 692 su
1082 664 1191 709 muy
1222 647 1340 693 Rda.
1367 663 1559 709 persona
1577 648 1767 711 guarde,

138 737 272 767 como
296 720 356 768 V.
387 720 436 769 P.
462 721 604 767 desea.
634 721 706 766 De
729 720 842 774 Sena
866 722 892 766 ’ξι
923 736 938 766 1
956 736 971 766 1
1011 721 1068 767 de
1106 721 1273 780 Margo
1306 720 1437 782 1556.
1466 722 1512 766 A
1539 723 1767 769 rnandado

139 795 196 841 de
221 795 275 841 V.
303 794 387 851 Ps,

937 859 987 905 F.
1025 858 1300 906 CARDENAL
1337 859 1569 907 BURGEN.

202 948 452 1014 Inscriptio:
480 952 512 1011 ’ξ-
537 950 600 996 Al
626 968 735 1014 muy
760 951 883 997 Rdo.
903 954 1038 996 sefior
1057 950 1215 1007 Padre,
1235 950 1274 997 el
1291 950 1350 1010 Ρ.
1382 952 1534 998 Mtro.
1565 952 1769 1015 Ignacio,

137 1026 368 1088 preposito
393 1025 449 1071 de
475 1025 514 1070 la
539 1024 852 1088 [Compafi]ia
870 1024 926 1070 de
949 1023 1102 1083 Jesfis.
1131 1024 1296 1071 Roma.
1319 1025 1427 1071 Alia
1446 1041 1594 1072 manu:
1625 1026 1723 1073 R.‘³³
1744 1029 1769 1073 a

139 1099 203 1144 los
234 1114 292 1157 14
316 1099 388 1145 del
416 1116 605 1145 mesmo.

883 1199 1028 1244 111o

722 1297 902 1333 JULIUS
934 1272 1186 1334 oNo'FdeS

450 1383 661 1430 PATRI
696 1382 959 1444 JOANNI
998 1384 1092 1430 DE
1127 1383 1454 1431 POLANCO

622 1470 829 1497 AVENIONE
863 1471 908 1509 13
940 1469 1085 1496 MARTn
1123 1460 1222 1510 1556
1254 1458 1284 1497 ¹.

138 1549 286 1597 Quibus
308 1549 475 1596 negotiis
495 1549 611 1586 finem
633 1549 795 1585 feliciter
821 1550 1046 1595 imposuerit
1069 1550 1228 1587 Pontius
1249 1550 1514 1597 Cogordanus‚
1536 1551 1769 1598 explicat.—

443 1612 670 1659 Propediem
691 1623 732 1649 se
753 1612 914 1649 Romam
935 1612 1175 1659 profecturos
1197 1624 1279 1650 esse
1301 1614 1462 1651 nuntiat.

898 1719 1000 1806 Jfls.

205 1838 362 1885 Molto
391 1839 515 1886 Rdo.
541 1838 586 1884 in
611 1836 694 1885 X.⁰
718 1837 1022 1884 Padre.——La
1045 1854 1223 1884 somma
1247 1838 1392 1901 gratia
1426 1850 1470 1885 et
1502 1855 1631 1885 amor
1654 1850 1770 1885 eter-

138 1930 199 1960 no
224 1913 269 1960 di
296 1912 379 1960 X.⁰
405 1924 559 1959 nostro
584 1913 765 1976 signore
783 1912 847 1958 sia
869 1925 914 1958 et
934 1912 1074 1958 habiti
1100 1929 1280 1975 sempre
1302 1913 1404 1959 nell'
1430 1913 1580 1960 anime
1600 1925 1766 1960 nostre.

138 1989 308 2036 Amen.
334 1987 408 2033 Mi
436 1987 460 2032 ἐ
486 2003 634 2050 parso,
661 1986 808 2049 prima
836 1985 876 2031 la
907 1997 1062 2032 nostra
1094 1987 1261 2049 partita
1293 1987 1339 2033 di
1371 1987 1448 2051 qui
1484 2003 1565 2050 per
1600 1988 1767 2046 Roma,

138 2060 231 2108 dar'
257 2079 318 2108 un
342 2061 541 2108 soccinto
566 2060 801 2124 raguaglio
835 2077 860 2106 a
891 2060 950 2108 V.
986 2061 1047 2108 R.
1079 2060 1196 2107 della
1226 2078 1359 2107 causa
1389 2062 1471 2107 che
1502 2062 1538 2107 ci
1566 2062 1622 2107 ha
1645 2061 1769 2108 dete-

140 2147 254 2182 nuto
285 2136 346 2182 fin
379 2136 491 2182 hora
523 2135 600 2199 qui
635 2136 679 2181 in
717 2135 960 2181 Prouenza
988 2133 1017 2192 ²,
1049 2135 1152 2199 qual
1186 2135 1210 2180 ἐ
1245 2146 1413 2198 questa.
1449 2136 1548 2183 Che
1579 2137 1769 2183 essendo

138 2222 255 2256 stato
286 2211 502 2256 mandato
533 2210 561 2255 il
594 2209 646 2257 P.
673 2209 748 2257 M.
775 2209 942 2255 Pontio
967 2226 1056 2273 qua
1086 2225 1167 2272 per
1196 2209 1224 2255 l‘
1263 2209 1389 2256 affari
1421 2211 1503 2256 che
1535 2210 1594 2258 V.
1623 2211 1682 2258 R.
1707 2228 1768 2268 sa,

138 2297 183 2331 et
208 2301 300 2331 non
325 2285 535 2331 hauendo
561 2296 726 2348 potuto
759 2284 962 2330 mandar’
996 2284 1131 2347 quelli
1163 2285 1220 2330 ad
1253 2284 1426 2341 effetto,
1459 2284 1497 2330 si
1522 2301 1602 2348 per
1627 2285 1666 2330 la
1690 2301 1770 2330 sua

139 2359 403 2424 grauissima
427 2358 673 2418 infermita,
699 2359 737 2405 si
765 2358 905 2405 anche
930 2375 1011 2421 per
1036 2358 1076 2404 le
1101 2359 1343 2405 mutationi
1368 2359 1485 2406 della
1509 2359 1612 2406 sede
1638 2376 1769 2422 apos-

140 2434 286 2492 toliea,
310 2434 443 2482 Iddio
468 2434 713 2481 benedetto
744 2433 1007 2480 finalmente
1040 2450 1148 2497 pare
1178 2433 1260 2479 che
1297 2451 1387 2480 non
1414 2433 1579 2480 habbia
1609 2434 1770 2480 uoluto

140 2509 223 2556 che
248 2509 310 2555 sia
337 2519 506 2555 uenuto
532 2509 727 2555 indat-no
752 2509 797 2554 in
816 2519 974 2572 queste
1002 2507 1168 2554 bande:
1194 2508 1292 2566 che,
1319 2508 1481 2571 poiche
1507 2506 1557 2553 fu
1582 2507 1769 2571 alquan-

141 2595 188 2630 to
213 2582 318 2629 fuor
341 2584 386 2630 di
419 2583 616 2646 pericolo
639 2583 685 2630 di
719 2583 843 2629 detta
875 2599 956 2627 sua
979 2580 1225 2637 infermita,
1251 2598 1331 2644 per
1362 2581 1673 2628 conualescere
1696 2581 1768 2634 del

142 2669 263 2705 tutto
301 2658 338 2704 ci
378 2658 641 2704 retirammo
678 2675 758 2721 pet·
791 2657 991 2721 alquanti
1023 2651 1169 2719 ⁵giorni
1205 2657 1319 2703 nella
1348 2674 1429 2703 sua
1461 2657 1620 2720 patria,
1645 2657 1770 2704 detta

196 2802 210 2829 ¹
267 2805 322 2842 Ex
343 2805 583 2852 autographo
604 2805 644 2841 in
664 2805 739 2841 vol.
761 2804 802 2851 F,
826 2804 968 2851 duplici
991 2803 1097 2850 folio,
1119 2815 1154 2840 n.
1178 2814 1266 2850 230,
1287 2803 1393 2850 prius
1415 2805 1503 2842 261.

194 2864 211 2890 ²
266 2868 409 2914 Supra,
433 2864 567 2918 Epist.
590 2863 776 2913 Mixtae,
804 2870 830 2902 t.
860 2875 917 2913 lv,
946 2877 1035 2913 pag.
1067 2867 1159 2914 568,
1183 2867 1256 2915 582
1284 2871 1320 2903 et
1344 2878 1470 2914 seqq.,
1492 2877 1628 2903 causas
1655 2876 1768 2913 expo-

144 2929 290 2965 suimus
315 2930 564 2976 profeotionis
591 2929 628 2965 in
659 2929 824 2966 Galliam
855 2929 978 2965 Patris
1004 2929 1209 2975 Cogordan
1238 2940 1324 2965 cum
1352 2930 1458 2966 socio
1484 2930 1587 2966 Julio
1610 2929 1766 2975 Onfroy.

144 2991 261 3028 Porro
281 2992 319 3027 in
340 2992 482 3038 patria,
507 2997 586 3027 tum
608 2992 840 3028 valetudinis
861 3002 964 3038 ergo,
990 2996 1069 3028 tum
1090 2992 1273 3038 negotiis,
1295 3003 1392 3038 quae
1413 2992 1499 3028 heic
1519 2992 1768 3038 explicantur,

146 3053 342 3100 hucusque
363 3058 621 3090 commoratus
638 3059 706 3091 est.
722 3054 821 3090 Vide
842 3054 963 3100 ipsius
982 3054 1201 3101 Cogordani
1224 3054 1438 3101 epistolam,
1456 3065 1570 3101 supra
1590 3054 1767 3101 positam,

145 3126 231 3164 pag.
253 3124 324 3164 153
347 3117 456 3164 huJus
476 3116 552 3155 vol.
570 3121 606 3152 et
627 3116 736 3163 epist.
762 3127 803 3152 11
817 3125 875 3164 15,
890 3127 993 3163 ‘quae
1013 3124 1060 3168 17
1081 3117 1208 3153 Martii
1231 3117 1451 3163 scriptionis
1472 3117 1573 3153 diem
1590 3116 1766 3163 praefert.
