2008 3510
302 261 378 311 568
767 260 1002 300 EPISTOLAE
1029 260 1356 310 MIXTAE—1232

245 366 393 411 Areos
419 381 549 427 sepae
574 365 824 428 petierunt,
861 376 913 412 vt
942 382 1105 412 eorum
1140 375 1319 429 peccata
1343 364 1534 422 audiret,
1569 365 1648 411 vbi
1683 365 1879 413 verbum

247 439 336 485 Dei
366 439 625 496 seminauit,
660 450 795 503 atque
826 439 920 486 aliis
951 439 1187 504 colloquiis
1220 439 1515 485 concionatus
1545 449 1624 485 est.
1660 439 1880 488 Mirabile

246 513 383 571 viSSU,
409 525 560 577 atque,
585 525 637 559 vt
661 513 766 559 Deo
784 514 952 576 gratiae
971 525 1181 577 agantur,
1200 513 1395 577 dignum
1418 523 1486 558 est
1503 529 1685 559 cernere
1704 530 1878 572 curam,

245 603 383 650 quam
409 586 469 633 illi
497 599 730 652 magnates
754 587 926 635 habent
949 588 1219 645 animarum,
1247 599 1298 634 vt
1328 588 1372 634 in
1403 587 1497 634 dies
1530 588 1736 635 meliores
1767 606 1876 636 eva-

243 661 368 719 dant,
395 678 488 708 non
513 672 693 707 tantum
718 678 919 720 suarum,
946 679 1108 709 verum
1137 662 1272 708 etiam
1305 662 1684 720 domesticorum,
1711 662 1880 727 quibus

243 734 537 780 studiosiores
566 750 726 780 eorum
752 734 896 798 magis
921 734 1118 798 placent,
1149 735 1380 798 signantes
1409 734 1486 799 qui
1519 735 1708 799 vigilent
1742 754 1880 800 super

243 824 447 872 gregem,
473 819 524 855 vt
547 808 604 854 ad
628 809 748 871 ipsos
771 807 1017 866 defferant,
1042 809 1321 872 corrigentes
1347 820 1508 855 notatu
1531 809 1682 873 digna.
1713 811 1808 857 His
1833 823 1879 858 et

243 882 463 928 similibus
487 899 648 928 eorum
674 899 841 928 nomen
867 898 948 945 per
972 893 1118 930 totam
1143 882 1430 946 provinciam
1456 883 1689 930 innoleuit.

305 957 419 1003 Non
444 967 685 1020 propterea
708 957 833 1003 domi
858 957 1078 1003 obliuioni
1104 957 1350 1003 traduntur
1375 967 1556 1003 nostrae
1580 957 1879 1005 institutionis

243 1047 451 1089 munera,
485 1031 750 1094 praesertim
782 1031 1072 1078 mortificatio
1104 1043 1149 1077 et
1178 1030 1456 1088 obedientia,
1495 1047 1585 1094 qua
1621 1032 1877 1078 executioni

243 1106 507 1163 mandatur,
533 1107 686 1170 quoad
717 1106 812 1153 fieri
844 1116 1015 1170 potest,
1051 1122 1189 1152 omne
1229 1105 1511 1162 institutum,
1545 1122 1570 1151 a
1602 1105 1793 1152 minimo
1821 1107 1879 1153 ad

243 1180 518 1237 maximum,
544 1197 687 1244 vsque
718 1181 774 1226 ad
799 1196 1016 1244 unguem.
1050 1179 1144 1226 His
1175 1180 1432 1226 annectitur
1466 1196 1612 1226 sacrae
1643 1181 1878 1227 doctrinae

243 1253 372 1299 lectio
406 1270 539 1300 mane
571 1265 616 1300 et
645 1271 854 1317 vespere,
886 1271 1025 1318 quam
1058 1254 1253 1300 audiunt
1283 1254 1374 1300 seni
1415 1266 1593 1300 nostrae
1627 1271 1879 1319 congrega-

242 1327 377 1373 tionis
405 1328 562 1374 Patres
580 1339 624 1374 et
649 1326 832 1384 fratres;
858 1328 1024 1391 quibus
1043 1327 1258 1374 omnibus
1279 1327 1403 1374 locus
1418 1329 1684 1375 conceditur
1703 1330 1878 1392 optima

243 1402 462 1464 temporis
486 1402 820 1448 distributione.
850 1402 888 1448 F
891 1402 985 1448 axit
1008 1402 1136 1448 Deus
1160 1402 1364 1465 optimus
1388 1402 1601 1466 idemque
1630 1404 1875 1461 maximus,

241 1486 293 1522 vt
316 1476 434 1522 vires
466 1476 690 1539 impartiri
722 1476 940 1539 dignetur
970 1476 1016 1522 in
1046 1487 1242 1539 Vtroque
1273 1476 1483 1535 homine,
1518 1478 1645 1541 quod
1679 1477 1757 1523 fiet
1787 1478 1878 1524 tuis

241 1550 523 1596 orationibus
554 1549 766 1597 adhibitis
802 1561 847 1596 et
878 1549 1120 1596 fratruum.
1156 1551 1286 1598 Vale.
1324 1551 1533 1614 Hispali,
1573 1565 1625 1613 17
1660 1551 1877 1599 kalendas

240 1624 463 1683 Jannuari
495 1625 630 1686 1556.
656 1624 791 1670 Tuus
816 1624 987 1670 inutilis
1011 1625 1146 1683 filius,

1214 1689 1464 1749 JAcosz¹
1501 1689 1679 1738 LoPEz.

307 1806 558 1868 Inscriptio:
595 1806 696 1866 Jhs.
722 1805 786 1851 Al
812 1822 924 1869 muy
950 1806 1073 1853 Rd0.
1099 1806 1246 1853 Padre
1271 1824 1325 1852 en
1350 1807 1461 1867 Jesu
1481 1807 1668 1854 Christo
1689 1819 1876 1854 nuestro

241 1883 391 1938 sefior,
416 1880 454 1925 el
479 1879 529 1926 P.
558 1880 705 1926 Mtro.
734 1880 930 1939 Lainez,
961 1880 1130 1926 vicario
1159 1881 1339 1944 general
1370 1881 1426 1927 de
1458 1881 1498 1926 la
1531 1881 1792 1944 Compafiia
1816 1883 1874 1928 de

240 1953 397 2012 Jesfis,
432 1970 488 1999 en
523 1954 687 2000 Roma.
728 1954 794 2000 Ba
825 1971 880 2000 en
914 1955 1041 2002 latin.
1076 1965 1141 2013 45³
1171 1957 1319 2002 Manu
1355 1955 1413 2002 P.
1450 1955 1661 2002 Polanco:
1697 1955 1872 2003 Seuilla.

244 2026 437 2087 Quadri.
466 2028 619 2073 Enero
650 2041 786 2090 1557.

297 2199 309 2224 ¹
367 2198 564 2239 Didacus
582 2205 741 2238 vocatur
762 2212 783 2237 a
802 2202 1008 2247 POLANCO,
1030 2205 1056 2240 t.
1076 2209 1134 2247 VI,
1155 2211 1242 2247 pag.
1265 2201 1353 2248 695,
1376 2212 1410 2237 n.
1432 2212 1549 2248 3012.
