2008 3510
743 278 788 306 21
820 267 1033 307 θαι-03315
1065 277 1166 317 1547
1637 268 1711 318 651

140 372 268 420 detto
311 372 482 430 niente,
512 371 553 419 le
583 371 699 419 disse
728 383 847 419 tutte
886 373 944 419 da
985 389 1066 419 sua
1097 383 1238 436 posta.
1279 373 1337 420 Et
1366 374 1449 420 che
1489 374 1687 422 dicanno
1728 375 1768 422 la

140 447 302 506 uerita,
327 459 460 494 troua
489 447 517 493 il
549 447 696 494 Padre
726 448 818 494 don
853 447 1054 511 Elpidio,
1088 447 1254 511 perche
1285 447 1314 493 Γ
1335 447 1484 495 arbori
1514 449 1577 495 dil
1610 460 1767 496 nostro

141 522 276 568 horto
300 522 518 568 talmente
541 522 580 568 si
607 521 899 585 putrefanno,
918 523 1000 569 che
1020 522 1174 569 dintro
1193 539 1339 568 sonno
1365 523 1483 585 pieni
1509 523 1555 569 di
1582 522 1702 569 bussi
1723 536 1768 570 et

139 596 185 642 di
218 596 385 654 uermi,
416 596 444 642 il
477 597 548 643 ch'
581 597 606 642 ἐ
638 613 780 661 segno
813 597 860 644 di
890 597 1156 644 corrution'.
1199 596 1374 643 Diceua
1414 597 1555 642 anche
1595 597 1707 643 hieri
1739 598 1768 644 il

139 671 382 718 Bellacatto
406 688 430 717 a
454 671 686 735 Stephano
710 673 905 719 Aretino
929 683 975 718 et
998 689 1023 717 a
1048 688 1146 730 me,
1169 671 1251 717 che
1276 671 1334 717 ha
1359 671 1478 717 uisto
1505 671 1644 717 molte
1668 688 1765 735 per-

139 761 261 836 sone?
287 744 359 791 ch'
378 745 424 791 in
448 745 547 791 altri
574 745 730 809 luoghi
757 746 801 792 d'
824 745 953 792 Italia
977 746 1010 791 s’
1031 745 1185 792 hanno
1212 755 1415 790 trouatto
1439 744 1699 802 benissimo,
1723 756 1769 792 et

138 820 256 865 com’
276 819 429 866 hanno
454 820 674 866 arriuatto
698 820 743 866 in
772 820 950 878 Padua,
981 819 1133 865 subito
1157 835 1305 865 sonno
1334 819 1458 865 statti
1483 830 1612 865 tanto
1636 820 1766 876 male,

138 894 220 939 che
243 893 272 939 Γ
291 894 350 940 ha
374 893 616 981 bisognato
640 913 669 941 o
693 894 892 958 partirci,
916 912 945 941 o
971 894 1142 940 morir’.

204 967 384 1029 Questo
415 968 439 1013 ὲ
471 955 644 1031 quanto
675 968 703 1014 li
739 968 900 1014 medici
932 968 1085 1014 hanno
1117 967 1336 1014 iudicatto
1366 967 1482 1013 circa
1514 967 1551 1014 le
1588 967 1767 1014 malatie

139 1052 305 1098 nostre,
338 1041 376 1087 le
407 1041 571 1105 qualle,
605 1042 777 1088 benche
806 1043 960 1089 hanno
991 1053 1094 1088 toco
1125 1059 1150 1087 a
1179 1041 1323 1100 molti,
1356 1054 1508 1087 tamen
1542 1059 1716 1089 nesuno
1742 1060 1766 1088 e

140 1127 312 1172 morto,
343 1133 425 1178 per
453 1116 597 1179 gratia
629 1117 692 1163 dil
722 1117 898 1180 Signor.
930 1115 1161 1163 Michaele
1182 1115 1195 1141 ¹
1226 1126 1294 1161 sta
1324 1133 1412 1178 pur
1441 1133 1527 1162 con
1560 1116 1599 1162 la
1639 1115 1766 1163 febre

138 1190 281 1247 solita,
307 1206 399 1236 non
426 1185 591 1253 perehe
615 1208 662 1237 se
685 1191 712 1237 li
740 1191 929 1237 manche
953 1191 997 1238 di
1022 1208 1126 1237 cosa
1150 1190 1324 1249 alcuna,
1350 1207 1424 1236 ma
1448 1207 1528 1253 per
1551 1190 1579 1236 il
1606 1201 1763 1254 tempo

138 1264 200 1310 dil
225 1276 463 1322 autumno,
489 1282 518 1311 o
542 1282 622 1328 per
645 1265 729 1312 dir‘
751 1265 933 1329 meglio,
958 1265 1111 1328 pereh’
1130 1265 1158 1310 il
1184 1265 1350 1328 Signor
1376 1264 1510 1311 uuoie
1534 1265 1645 1312 cosi.
1671 1265 1764 1312 Lui

138 1338 200 1384 sia
226 1338 445 1398 laudatto,
469 1339 552 1385 che
576 1340 634 1386 da
657 1351 702 1385 et
727 1339 826 1386 leua
851 1341 877 1385 Γ
898 1339 1129 1396 infirmita,
1154 1339 1352 1386 secondo
1379 1338 1464 1384 che
1490 1339 1570 1402 pisi
1596 1356 1764 1386 conue-

139 1413 301 1460 niente.
335 1414 392 1460 V.
428 1414 484 1460 R.
518 1414 553 1460 si
584 1414 776 1478 dignata
805 1431 892 1460 con
924 1414 1030 1461 tutti
1070 1414 1099 1459 li
1132 1412 1294 1460 fratelli
1337 1413 1522 1459 hauerlo
1564 1429 1767 1460 raccom-

138 1488 377 1534 mandatto
403 1488 576 1534 insiemi
601 1505 688 1534 con
714 1488 789 1534 noi
814 1489 929 1534 nelle
955 1505 1033 1534 sue
1059 1499 1183 1534 tante
1207 1487 1417 1534 orationi.

203 1561 372 1608 Fuluio
396 1572 442 1608 et
466 1562 529 1618 io,
555 1561 774 1625 piacendo
798 1561 838 1607 al
863 1562 1041 1625 Signor,
1073 1561 1424 1607 cominciaremo
1449 1561 1507 1607 ad
1532 1561 1686 1608 andar'
1711 1562 1769 1608 da

136 1635 240 1699 quel
266 1645 463 1681 maestro
495 1652 633 1699 greco
653 1634 669 1660 2
698 1635 871 1682 lunedi.
903 1635 1040 1681 Tutti
1066 1635 1092 1680 Γ
1112 1635 1213 1681 altri
1244 1646 1407 1681 stanno
1432 1634 1534 1680 ben'
1554 1646 1599 1681 et
1623 1646 1768 1682 atten-

136 1711 256 1757 deno
280 1710 318 1756 al
344 1711 512 1768 studio,
530 1711 731 1758 secondo
754 1711 835 1757 che
859 1711 1068 1757 ciascuno
1086 1710 1256 1774 meglio
1274 1713 1385 1774 pub,
1410 1723 1455 1757 et
1479 1712 1584 1757 tutti
1610 1712 1648 1758 ci
1673 1729 1768 1759 rac-

135 1785 494 1831 commandamo
520 1784 822 1832 humilmente
854 1784 955 1832 nell’
977 1785 1171 1831 orationi
1202 1785 1259 1831 de
1291 1785 1347 1831 V.
1383 1785 1444 1832 R.
1470 1796 1514 1831 et
1538 1785 1583 1832 di
1609 1786 1714 1832 tutti
1738 1786 1767 1832 li

137 1857 301 1905 fratelli
333 1859 405 1905 nel
439 1860 604 1923 Signor
634 1871 810 1917 nostro,
842 1859 871 1906 il
902 1859 1050 1924 qualle
1074 1876 1253 1923 sempre
1287 1860 1324 1906 ci
1355 1860 1430 1907 dia
1462 1859 1501 1905 la
1531 1877 1612 1906 sua
1637 1861 1768 1923 piena

137 1934 282 1996 gratia
323 1951 404 1997 per
444 1932 527 1980 far’
553 1934 593 1980 la
633 1951 713 1980 sua
743 1934 995 1980 santissima
1035 1934 1239 1982 volonta.
1280 1936 1451 1983 Amen.
1483 1935 1559 1981 Di
1577 1935 1768 1982 Padoua

139 2022 193 2053 21
231 2007 276 2054 d'
298 2007 498 2054 Ottobre
535 2021 668 2070 1547.
703 2008 791 2054 Per
819 2008 1110 2055 commission
1140 2009 1202 2055 dil
1241 2008 1389 2095 Padre
1426 2009 1519 2056 don
1562 2010 1765 2072 Elpidio.

138 2082 202 2129 D.
228 2082 287 2129 V.
318 2083 379 2130 R.
407 2082 721 2147 indignissimo
746 2082 967 2147 figliuolo‚

842 2170 1029 2217 PnzTRo
1069 2186 1127 2216 DE
1168 2170 1556 2218 RIBADENEIRA³
1561 2210 1570 2219 .

204 2268 463 2332 Inscriptio.-
501 2271 534 2331 -ζ-
564 2269 624 2315 ΑΙ
663 2270 807 2316 molto
849 2271 971 2317 Rdo.
1005 2271 1049 2317 in
1081 2272 1206 2335 Xpo.
1243 2271 1389 2319 Padre
1422 2282 1631 2328 maestro,
1670 2272 1766 2318 don

139 2343 325 2406 Ignacio
355 2344 412 2391 de
442 2344 625 2402 Loiola,
663 2345 895 2408 preposito
935 2344 1050 2392 della
1091 2345 1379 2410 Compagnia
1417 2347 1474 2393 de
1513 2346 1678 2403 Giessi,
1721 2346 1766 2391 in

143 2419 310 2466 Roma.

193 2571 207 2597 ¹
271 2573 328 2611 Cf.
350 2570 483 2623 Epist.
504 2569 687 2618 Minae,
709 2577 733 2610 t.
756 2581 782 2619 1,
803 2584 890 2619 pag.
914 2573 1001 2621 588.

196 2631 213 2657 2
268 2634 360 2670 Erat
385 2634 448 2670 hic
474 2634 642 2670 Lazarus
668 2634 918 2680 Bonamicus,
939 2634 1219 2680 bassaniensis,
1239 2634 1451 2670 litterarum
1478 2645 1704 2680 graecarum
1729 2639 1766 2671 et

145 2697 350 2733 latinarum
373 2697 508 2732 doctor
529 2696 812 2733 celeberrimus.
834 2693 969 2746 Epist.
991 2693 1172 2742 Mixtae,
1193 2701 1218 2734 t.
1239 2705 1281 2743 11,
1301 2708 1388 2743 pag.
1410 2697 1499 2743 361,
1522 2701 1652 2734 annot.
1676 2708 1711 2735 1.

193 2756 209 2781 ³
269 2759 402 2795 Liceat
433 2768 551 2804 nunc,
579 2758 759 2805 quoniam
786 2759 940 2796 fratrem
970 2760 1239 2806 Rivadeneira,
1266 2760 1413 2796 Patavii
1445 2759 1584 2795 studiis
1612 2770 1766 2806 operam

146 2821 322 2866 dantem,
344 2820 582 2866 invenimuS,
603 2820 641 2856 in
661 2821 829 2856 medium
850 2821 1018 2867 proferre
1041 2822 1186 2868 aliqua,
1214 2833 1312 2868 quae
1339 2823 1500 2868 ipsemet
1526 2822 1572 2857 de
1599 2832 1640 2858 se
1666 2822 1767 2858 circa

147 2883 242 2919 illud
263 2888 414 2930 tempus
434 2883 587 2929 scripsit
607 2883 645 2919 in
665 2894 739 2920 ms.-
755 2884 899 2920 libello:
916 2881 1169 2934 soliloquios
1178 2896 1211 2935 y
1225 2882 1520 2935 confessiones.-
1542 2884 1623 2920 «En
1639 2886 1766 2921 avien-

145 2946 195 2981 do
220 2956 284 2993 yo,
307 2946 404 2982 Bien
426 2943 521 2991 mio,
544 2946 794 2982 convalecido
812 2958 837 2993 y
858 2947 1026 2983 cobrado
1053 2947 1218 2993 fuerzas,
1244 2948 1408 2984 Nuestro
1435 2947 1765 2984 Bienaventurado

146 3008 268 3044 Padre
289 3019 386 3054 puso
407 3008 466 3044 los
487 3010 570 3055 ojos
589 3019 635 3044 en
656 3008 729 3055 que
749 3010 859 3055 lugat
883 3009 1062 3055 pudiesse
1081 3020 1132 3056 yo
1153 3011 1353 3057 proseguir
1374 3010 1445 3045 mis
1465 3011 1654 3056 estudios,
1674 3022 1764 3046 aun-

150 3079 223 3115 que
243 3080 294 3116 yo
314 3069 396 3106 mas
424 3081 484 3106 me
510 3070 705 3106 inclinaba
731 3068 754 3106 ἑ,
779 3081 828 3107 no
855 3072 1039 3117 estudiar‚
1059 3083 1085 3118 y
1106 3072 1225 3108 servir
1246 3083 1292 3108 en
1319 3074 1356 3108 la
1376 3070 1609 3118 Comama,
1631 3083 1703 3108 con
1732 3074 1765 3109 el

149 3131 306 3168 escrivir
323 3142 350 3178 y
370 3129 581 3179 gramatica
601 3142 675 3178 que
700 3130 826 3181 sabia,
848 3143 895 3169 en
915 3133 950 3170 el
975 3133 1097 3180 grado
1119 3134 1166 3170 de
1192 3135 1392 3181 coadjutor
1418 3134 1621 3180 temporal,
1640 3145 1666 3182 y
1686 3132 1765 3170 assi
