2008 3510
293 249 368 288 702
758 236 993 275 EPISTOLAE
1021 235 1354 290 Mutua—1289

238 358 395 398 ranno,
420 342 454 387 s'
475 341 518 387 io
543 339 645 387 faro
670 339 801 388 forza
826 359 850 388 a
875 359 947 389 me
971 351 1122 390 stesso.
1148 343 1288 407 Spero
1320 344 1391 391 nel
1423 344 1588 408 Signor
1611 343 1657 392 di
1687 361 1871 392 comen-

237 416 347 473 zar',
373 415 417 461 io
441 415 558 474 dico,
584 415 622 461 al
649 427 868 478 presente,
894 428 939 463 et
964 433 1055 463 non
1077 417 1157 480 piu
1182 417 1513 481 procrastinar'.
1535 418 1697 465 Baccio
1723 418 1751 465 li
1771 435 1873 465 san-

238 489 394 536 tissimi
421 490 539 554 piedi
566 507 590 536 a
615 490 673 536 V.
701 490 753 539 P.
784 492 857 549 R„
883 502 927 538 et
954 491 1012 538 mi
1040 491 1202 538 ridono
1221 509 1244 538 a
1269 492 1322 539 lei
1350 492 1420 539 nel
1445 503 1603 539 nostro
1618 492 1794 556 Signor.
1814 493 1871 539 In

238 565 447 612 Modena
472 564 542 611 alli
575 565 629 611 16
655 565 698 612 di
729 565 928 629 Maggio
960 578 1093 627 1550.

302 639 361 686 D.
391 639 450 688 V.
480 639 532 688 P.
559 639 618 686 R.
646 656 780 686 seruo
800 640 869 686 nel
896 650 1053 686 nostro
1073 640 1238 703 Signor
1263 640 1481 705 indegno‚

1093 731 1378 779 SALUESTRO
1415 732 1672 780 LANmNo.

302 842 554 904 Inscriptio:
592 843 624 903 -ζ-
651 841 712 887 Al
738 841 831 887 mio
857 841 1000 888 molto
1029 842 1152 890 Rdo.
1186 842 1333 889 Padre
1358 842 1428 888 nel
1454 853 1611 889 nostro
1637 842 1816 906 Signor,
1841 841 1871 888 il

238 916 288 963 P.
329 916 402 963 M.
443 916 624 980 Ignatio
672 915 864 978 Loyola,
906 915 1021 962 della
1061 916 1347 981 Compagnia
1388 918 1445 964 de
1484 918 1597 978 Jesu
1640 917 1872 981 preposito

237 991 526 1054 dignissimo,
558 991 602 1036 in
638 991 815 1047 Roma,
846 990 889 1036 in
925 991 1013 1037 Sta.
1053 990 1208 1037 Maria
1237 991 1339 1038 dala
1372 992 1552 1050 Sti-ada,
1588 1008 1741 1055 presso
1777 991 1872 1040 Sto.

240 1065 423 1113 Maroe.

983 1171 1010 1204 1
1019 1169 1126 1204 289

802 1256 934 1293 SOCII
959 1255 1314 1293 BONONIENSES

523 1342 759 1406 [PATRI
796 1342 1089 1389 IGNATIO
1126 1343 1221 1390 DE
1258 1343 1585 1407 LOYOLA]?

707 1447 885 1474 BONONIA
914 1436 938 1474 6
967 1447 1216 1475 SEPTEMBms
1249 1448 1351 1488 1550
1378 1435 1408 1476 ¹.

242 1538 454 1576 Conversio
469 1538 668 1585 cujusdam
682 1538 825 1574 nobilis
840 1538 1406 1576 bononiensis.--Praeclarum
1418 1539 1627 1586 patientiae
1642 1539 1874 1586 exemplum,

298 1611 319 1636 a
339 1600 403 1647 pia
424 1600 567 1636 femina
587 1600 1070 1647 editum.—Orphanarum
1090 1602 1199 1637 loeus
1214 1601 1665 1648 Juvatur.—Conciones
1685 1602 1874 1638 habentur

298 1665 345 1700 ad
366 1664 829 1711 populum—Frequens
851 1664 1069 1701 divinorum
1091 1664 1360 1711 mysteriorum
1382 1665 1644 1712 susceptio.—
1654 1665 1874 1703 Christiana

300 1727 476 1764 doctrina
497 1727 1016 1774 edocetur.—Aegr0tantes
1038 1728 1564 1766 invisuntur.—Scholastiei
1591 1729 1764 1765 sedulam
1784 1739 1873 1775 ope·

301 1801 381 1826 ram
400 1790 535 1837 pietati
557 1801 602 1827 ac
621 1790 758 1827 litteris
777 1794 931 1827 navant.

1047 1859 1068 1894 ,Γ

1004 1895 1108 1955 Jhs.

305 1995 465 2044 Gratia
499 2007 544 2042 et
573 2012 665 2060 pax
695 1996 869 2043 domini
902 1996 1041 2043 nostri
1072 1997 1185 2057 Jesu
1218 1995 1294 2044 Χ.ἰ
1327 1996 1383 2043 sit
1415 2013 1594 2060 semper
1621 1996 1873 2045 nobiscum.

241 2073 412 2119 Amen.
438 2070 571 2129 Scias,
600 2071 650 2118 P.
684 2071 759 2129 R„
787 2088 868 2117 nos
893 2070 938 2118 in
970 2071 1038 2117 his
1071 2071 1260 2130 uersari,
1293 2088 1409 2135 quae
1438 2085 1484 2118 et
1512 2071 1692 2118 vocatio
1723 2082 1876 2118 nostra

240 2146 425 2210 expetit,
449 2157 494 2192 et
518 2157 569 2192 tu
592 2162 885 2209 summopere
909 2157 1054 2209 optaS,
1082 2163 1201 2210 quae
1233 2157 1284 2192 ut
1313 2146 1475 2192 clarius
1507 2162 1747 2210 agnoscas,
1772 2162 1876 2210 gra-

242 2221 368 2267 uiora
393 2219 542 2283 aliqua
567 2219 911 2267 recensebimus.
933 2221 1151 2282 Quorum
1177 2220 1378 2283 primum
1404 2220 1490 2267 erit
1514 2220 1628 2267 mira
1651 2221 1874 2285 quaedam

241 2307 286 2342 et
315 2294 589 2342 incredibilis
618 2295 856 2342 conuersio
888 2296 1125 2342 cuiusdam
1158 2295 1320 2342 nobilis
1351 2295 1654 2353 bononiensis,
1686 2295 1764 2360 qui
1797 2313 1876 2342 an-

243 2387 325 2416 nos
349 2385 505 2416 xxv111
533 2368 701 2432 absque
724 2367 1009 2416 confessione
1034 2369 1167 2428 uixit,
1194 2369 1378 2416 militiae
1398 2370 1602 2416 animum
1634 2380 1679 2416 et
1709 2386 1876 2434 corpus

242 2461 322 2507 per
353 2454 503 2490 totum
534 2443 580 2490 id
614 2454 796 2506 tempus
827 2443 1082 2503 intendens,
1113 2460 1161 2490 ac
1191 2443 1332 2502 vitiis,
1364 2460 1458 2508 quo
1492 2443 1603 2492 illud
1633 2444 1875 2491 hominum

242 2534 384 2581 genus
408 2517 583 2576 assolet,
601 2534 653 2570 se,
671 2517 925 2566 inuoluens,
947 2519 992 2564 O
1012 2518 1380 2582 indignissimum
1400 2517 1589 2578 facinus,
1607 2519 1685 2566 sed
1703 2519 1875 2583 dignis-

241 2592 354 2638 sima
371 2592 459 2638 Dei
481 2590 673 2648 bonitas,
693 2608 782 2654 qua
801 2591 1000 2655 benigne.
1014 2592 1381 2656 indignissimum
1400 2593 1661 2640 sustinebat!
1685 2589 1729 2639 Is
1747 2609 1873 2640 exer-

242 2665 345 2712 citia
368 2664 489 2724 fecit,
518 2665 562 2711 in
588 2664 753 2729 quibus
778 2665 838 2711 ita
864 2665 1077 2728 profecit,
1098 2676 1149 2712 vt
1172 2666 1315 2713 vitam
1334 2666 1623 2729 praeteritam
1641 2677 1686 2713 et
1703 2682 1874 2730 cogno-

244 2739 358 2785 uerit
391 2749 437 2785 et
471 2738 720 2786 defleuerit.
760 2738 1109 2786 Confessionem
1145 2739 1403 2803 generalem
1440 2740 1648 2787 omnium
1683 2756 1873 2786 suorum

242 2823 530 2877 peccatorum
556 2811 677 2872 fecit,
704 2813 1018 2860 eucharistiam
1040 2814 1207 2860 deuote
1227 2814 1411 2877 accepit,
1432 2813 1620 2878 singulis
1645 2814 1873 2861 mensibus

242 2887 500 2946 confitetur,
525 2886 720 2934 verbum
747 2887 836 2933 Dei
862 2888 1003 2946 audit,
1028 2899 1073 2935 et
1096 2888 1293 2952 denique
1311 2889 1368 2935 de
1387 2888 1555 2936 diuinis
1576 2889 1637 2935 ita
1654 2889 1871 2953 loquitur,

242 2972 293 3008 ut
312 2978 405 3008 non
423 2961 599 3019 saeculi,
619 2960 699 3008 sed
720 2960 908 3021 Christi,
927 2973 972 3009 et
994 2961 1390 3009 exercitatissimus
1407 2962 1611 3027 quidem,
1631 2962 1757 3011 miles
1779 2979 1874 3011 esse

298 3106 310 3133 ¹
369 3109 424 3145 Ex
444 3109 668 3157 apographo
688 3108 727 3145 in
748 3109 822 3146 vol.
855 3104 990 3148 Varia
1010 3106 1137 3157 Hist„
1160 3115 1183 3148 t.
1204 3117 1232 3158 1,
1251 3120 1340 3157 pag.
1366 3109 1454 3157 183,
1479 3111 1563 3156 184.
