<?xml version="1.0" encoding="UTF-8"?>
<!DOCTYPE html PUBLIC "-//W3C//DTD XHTML 1.0 Transitional//EN"
    "http://www.w3.org/TR/xhtml1/DTD/xhtml1-transitional.dtd">
<html xmlns="http://www.w3.org/1999/xhtml" xml:lang="en" lang="en">
 <head>
  <title>
</title>
<meta http-equiv="Content-Type" content="text/html;charset=utf-8" />
  <meta name='ocr-system' content='tesseract 3.04.00' />
  <meta name='ocr-capabilities' content='ocr_page ocr_carea ocr_par ocr_line ocrx_word'/>
</head>
<body>
  <div class='ocr_page' id='page_1' title='image "./epistolaemixtaee05matruoft_0130.png"; bbox 0 0 2066 3516; ppageno 0'>
   <div class='ocr_carea' id='block_1_1' title="bbox 314 269 1380 322">
    <p class='ocr_par' dir='ltr' id='par_1_1' title="bbox 314 269 1380 322">
     <span class='ocr_line' id='line_1_1' title="bbox 314 269 1380 322; baseline 0.001 -13"><span class='ocrx_word' id='word_1_1' title='bbox 314 283 388 322; x_wconf 91' lang='lat'><strong>124</strong></span> <span class='ocrx_word' id='word_1_2' title='bbox 779 269 1016 308; x_wconf 82' lang='lat' dir='ltr'>EPISTOLAE</span> <span class='ocrx_word' id='word_1_3' title='bbox 1047 271 1380 322; x_wconf 75' lang='lat' dir='ltr'><strong>M1x’rAE—1o72</strong></span> 
     </span>
    </p>
   </div>
   <div class='ocr_carea' id='block_1_2' title="bbox 252 375 1910 2156">
    <p class='ocr_par' dir='ltr' id='par_1_2' title="bbox 252 375 1905 589">
     <span class='ocr_line' id='line_1_2' title="bbox 252 375 1905 441; baseline -0.001 -17"><span class='ocrx_word' id='word_1_4' title='bbox 252 376 312 424; x_wconf 91' lang='lat' dir='ltr'><strong>de</strong></span> <span class='ocrx_word' id='word_1_5' title='bbox 343 375 540 422; x_wconf 90' lang='lat' dir='ltr'><strong>Toledo.</strong></span> <span class='ocrx_word' id='word_1_6' title='bbox 574 375 699 420; x_wconf 84' lang='lat' dir='ltr'>Arne</span> <span class='ocrx_word' id='word_1_7' title='bbox 737 375 917 422; x_wconf 84' lang='lat' dir='ltr'><strong>tratado</strong></span> <span class='ocrx_word' id='word_1_8' title='bbox 955 392 1067 439; x_wconf 91' lang='lat' dir='ltr'><strong>muy</strong></span> <span class='ocrx_word' id='word_1_9' title='bbox 1106 376 1196 422; x_wconf 89' lang='lat' dir='ltr'><strong>mal</strong></span> <span class='ocrx_word' id='word_1_10' title='bbox 1232 377 1290 424; x_wconf 90' lang='lat' dir='ltr'><strong>de</strong></span> <span class='ocrx_word' id='word_1_11' title='bbox 1327 377 1555 441; x_wconf 82' lang='lat' dir='ltr'><strong>palabras,</strong></span> <span class='ocrx_word' id='word_1_12' title='bbox 1589 394 1616 440; x_wconf 93' lang='lat' dir='ltr'>y</span> <span class='ocrx_word' id='word_1_13' title='bbox 1641 387 1767 423; x_wconf 88' lang='lat' dir='ltr'><strong>temo</strong></span> <span class='ocrx_word' id='word_1_14' title='bbox 1805 379 1905 424; x_wconf 64' lang='lat' dir='ltr'><strong>sera</strong></span> 
     </span>
     <span class='ocr_line' id='line_1_3' title="bbox 255 449 1905 514; baseline 0.001 -17"><span class='ocrx_word' id='word_1_15' title='bbox 255 468 367 514; x_wconf 90' lang='lat' dir='ltr'><strong>peor</strong></span> <span class='ocrx_word' id='word_1_16' title='bbox 391 451 447 496; x_wconf 93' lang='lat' dir='ltr'><strong>de</strong></span> <span class='ocrx_word' id='word_1_17' title='bbox 472 449 627 505; x_wconf 85' lang='lat' dir='ltr'><strong>obras,</strong></span> <span class='ocrx_word' id='word_1_18' title='bbox 666 460 983 512; x_wconf 85' lang='lat' dir='ltr'><strong>mayormente</strong></span> <span class='ocrx_word' id='word_1_19' title='bbox 1015 451 1051 496; x_wconf 83' lang='lat' dir='ltr'><strong>si</strong></span> <span class='ocrx_word' id='word_1_20' title='bbox 1085 451 1126 496; x_wconf 97' lang='grc'><strong>13</strong></span> <span class='ocrx_word' id='word_1_21' title='bbox 1163 451 1408 514; x_wconf 78' lang='lat' dir='ltr'><strong>Conpafiia</strong></span> <span class='ocrx_word' id='word_1_22' title='bbox 1440 452 1528 498; x_wconf 89' lang='lat' dir='ltr'><strong>sale</strong></span> <span class='ocrx_word' id='word_1_23' title='bbox 1552 468 1638 498; x_wconf 88' lang='lat' dir='ltr'><strong>con</strong></span> <span class='ocrx_word' id='word_1_24' title='bbox 1664 462 1757 498; x_wconf 90' lang='lat' dir='ltr'><strong>este</strong></span> <span class='ocrx_word' id='word_1_25' title='bbox 1781 451 1905 498; x_wconf 92' lang='grc'><strong>6016-</strong></span> 
     </span>
     <span class='ocr_line' id='line_1_4' title="bbox 253 524 1360 589; baseline 0.002 -19"><span class='ocrx_word' id='word_1_26' title='bbox 253 525 347 589; x_wconf 87' lang='lat' dir='ltr'><strong>gio,</strong></span> <span class='ocrx_word' id='word_1_27' title='bbox 373 541 462 588; x_wconf 91' lang='lat' dir='ltr'><strong>que</strong></span> <span class='ocrx_word' id='word_1_28' title='bbox 487 540 648 586; x_wconf 89' lang='lat' dir='ltr'><strong>espero</strong></span> <span class='ocrx_word' id='word_1_29' title='bbox 672 540 729 569; x_wconf 91' lang='lat' dir='ltr'><strong>en</strong></span> <span class='ocrx_word' id='word_1_30' title='bbox 755 537 942 570; x_wconf 88' lang='lat' dir='ltr'><strong>nuestro</strong></span> <span class='ocrx_word' id='word_1_31' title='bbox 967 524 1110 571; x_wconf 78' lang='lat' dir='ltr'><strong>Sefior</strong></span> <span class='ocrx_word' id='word_1_32' title='bbox 1134 525 1173 571; x_wconf 79' lang='lat' dir='ltr'><strong>si</strong></span> <span class='ocrx_word' id='word_1_33' title='bbox 1199 525 1360 573; x_wconf 70' lang='lat' dir='ltr'><strong>saldra.</strong></span> 
     </span>
    </p>

    <p class='ocr_par' dir='ltr' id='par_1_3' title="bbox 252 597 1910 1768">
     <span class='ocr_line' id='line_1_5' title="bbox 321 597 1904 664; baseline 0.001 -20"><span class='ocrx_word' id='word_1_34' title='bbox 321 599 413 654; x_wconf 85' lang='lat' dir='ltr'><strong>Yo,</strong></span> <span class='ocrx_word' id='word_1_35' title='bbox 440 602 596 655; x_wconf 77' lang='lat' dir='ltr'><strong>sefior,</strong></span> <span class='ocrx_word' id='word_1_36' title='bbox 622 597 756 644; x_wconf 73' lang='lat' dir='ltr'><strong>enbie</strong></span> <span class='ocrx_word' id='word_1_37' title='bbox 782 597 848 644; x_wconf 90' lang='grc'><strong>103</strong></span> <span class='ocrx_word' id='word_1_38' title='bbox 872 598 972 644; x_wconf 79' lang='grc' dir='ltr'><strong>(1ῑ33</strong></span> <span class='ocrx_word' id='word_1_39' title='bbox 997 599 1190 662; x_wconf 89' lang='lat' dir='ltr'><strong>pasados</strong></span> <span class='ocrx_word' id='word_1_40' title='bbox 1216 600 1361 662; x_wconf 88' lang='lat' dir='ltr'><strong>podet·</strong></span> <span class='ocrx_word' id='word_1_41' title='bbox 1396 616 1504 664; x_wconf 85' lang='lat' dir='ltr'><strong>para</strong></span> <span class='ocrx_word' id='word_1_42' title='bbox 1535 599 1708 647; x_wconf 86' lang='lat' dir='ltr'><strong>vender</strong></span> <span class='ocrx_word' id='word_1_43' title='bbox 1732 616 1795 645; x_wconf 91' lang='lat' dir='ltr'><strong>vn</strong></span> <span class='ocrx_word' id='word_1_44' title='bbox 1821 615 1904 664; x_wconf 89' lang='lat' dir='ltr'><strong>ge-</strong></span> 
     </span>
     <span class='ocr_line' id='line_1_6' title="bbox 256 673 1906 739; baseline 0.003 -22"><span class='ocrx_word' id='word_1_45' title='bbox 256 673 461 732; x_wconf 62' lang='lat' dir='ltr'><strong>niearato</strong></span> <span class='ocrx_word' id='word_1_46' title='bbox 487 689 576 736; x_wconf 88' lang='lat' dir='ltr'><strong>que</strong></span> <span class='ocrx_word' id='word_1_47' title='bbox 602 683 742 736; x_wconf 88' lang='lat' dir='ltr'><strong>tengo</strong></span> <span class='ocrx_word' id='word_1_48' title='bbox 767 690 822 718; x_wconf 89' lang='lat' dir='ltr'><strong>en</strong></span> <span class='ocrx_word' id='word_1_49' title='bbox 851 673 1005 719; x_wconf 86' lang='lat' dir='ltr'><strong>Roma</strong></span> <span class='ocrx_word' id='word_1_50' title='bbox 1026 673 1056 733; x_wconf 84' lang='lat'><strong>¹,</strong></span> <span class='ocrx_word' id='word_1_51' title='bbox 1090 692 1199 737; x_wconf 84' lang='lat' dir='ltr'><strong>para</strong></span> <span class='ocrx_word' id='word_1_52' title='bbox 1232 674 1273 721; x_wconf 90' lang='lat' dir='ltr'><strong>la</strong></span> <span class='ocrx_word' id='word_1_53' title='bbox 1303 676 1567 739; x_wconf 72' lang='lat' dir='ltr'><strong>expedition</strong></span> <span class='ocrx_word' id='word_1_54' title='bbox 1599 676 1656 723; x_wconf 91' lang='lat' dir='ltr'><strong>de</strong></span> <span class='ocrx_word' id='word_1_55' title='bbox 1686 675 1749 722; x_wconf 89' lang='lat' dir='ltr'><strong>las</strong></span> <span class='ocrx_word' id='word_1_56' title='bbox 1777 674 1906 722; x_wconf 89' lang='lat' dir='ltr'><strong>bulas</strong></span> 
     </span>
     <span class='ocr_line' id='line_1_7' title="bbox 254 748 1906 815; baseline 0.002 -20"><span class='ocrx_word' id='word_1_57' title='bbox 254 750 312 796; x_wconf 92' lang='lat' dir='ltr'><strong>de</strong></span> <span class='ocrx_word' id='word_1_58' title='bbox 338 748 378 794; x_wconf 87' lang='grc'><strong>13</strong></span> <span class='ocrx_word' id='word_1_59' title='bbox 403 748 546 794; x_wconf 85' lang='lat' dir='ltr'><strong>vni6n</strong></span> <span class='ocrx_word' id='word_1_60' title='bbox 575 749 728 794; x_wconf 88' lang='lat' dir='ltr'><strong>destos</strong></span> <span class='ocrx_word' id='word_1_61' title='bbox 755 749 1010 812; x_wconf 77' lang='lat' dir='ltr'><strong>prestamos</strong></span> <span class='ocrx_word' id='word_1_62' title='bbox 1034 750 1072 795; x_wconf 90' lang='lat' dir='ltr'><strong>al</strong></span> <span class='ocrx_word' id='word_1_63' title='bbox 1098 751 1291 814; x_wconf 79' lang='lat' dir='ltr'><strong>colegio,</strong></span> <span class='ocrx_word' id='word_1_64' title='bbox 1317 769 1346 814; x_wconf 91' lang='lat' dir='ltr'>y</span> <span class='ocrx_word' id='word_1_65' title='bbox 1374 768 1481 798; x_wconf 84' lang='lat' dir='ltr'><strong>aora</strong></span> <span class='ocrx_word' id='word_1_66' title='bbox 1503 751 1645 798; x_wconf 77' lang='lat' dir='ltr'><strong>enbio</strong></span> <span class='ocrx_word' id='word_1_67' title='bbox 1669 763 1796 798; x_wconf 89' lang='lat' dir='ltr'><strong>otros</strong></span> <span class='ocrx_word' id='word_1_68' title='bbox 1821 767 1906 815; x_wconf 87' lang='lat' dir='ltr'><strong>po·</strong></span> 
     </span>
     <span class='ocr_line' id='line_1_8' title="bbox 252 822 1906 889; baseline 0.002 -20"><span class='ocrx_word' id='word_1_69' title='bbox 252 823 384 870; x_wconf 85' lang='lat' dir='ltr'><strong>deres</strong></span> <span class='ocrx_word' id='word_1_70' title='bbox 410 840 519 886; x_wconf 87' lang='lat' dir='ltr'><strong>para</strong></span> <span class='ocrx_word' id='word_1_71' title='bbox 544 822 685 879; x_wconf 74' lang='lat' dir='ltr'><strong>Paris,</strong></span> <span class='ocrx_word' id='word_1_72' title='bbox 711 822 887 870; x_wconf 83' lang='lat' dir='ltr'><strong>Pinedo</strong></span> <span class='ocrx_word' id='word_1_73' title='bbox 913 842 942 886; x_wconf 91' lang='lat' dir='ltr'>y</span> <span class='ocrx_word' id='word_1_74' title='bbox 969 825 1173 871; x_wconf 83' lang='lat' dir='ltr'><strong>Castelin</strong></span> <span class='ocrx_word' id='word_1_75' title='bbox 1198 826 1367 884; x_wconf 79' lang='lat' dir='ltr'><strong>Doria,</strong></span> <span class='ocrx_word' id='word_1_76' title='bbox 1391 843 1500 889; x_wconf 89' lang='lat' dir='ltr'><strong>para</strong></span> <span class='ocrx_word' id='word_1_77' title='bbox 1525 843 1637 889; x_wconf 87' lang='lat' dir='ltr'><strong>que,</strong></span> <span class='ocrx_word' id='word_1_78' title='bbox 1662 826 1697 871; x_wconf 81' lang='lat' dir='ltr'><strong>si</strong></span> <span class='ocrx_word' id='word_1_79' title='bbox 1725 842 1785 871; x_wconf 89' lang='lat' dir='ltr'><strong>no</strong></span> <span class='ocrx_word' id='word_1_80' title='bbox 1810 827 1906 872; x_wconf 65' lang='lat' dir='ltr'><strong>esta</strong></span> 
     </span>
     <span class='ocr_line' id='line_1_9' title="bbox 255 898 1904 965; baseline 0.001 -21"><span class='ocrx_word' id='word_1_81' title='bbox 255 898 478 957; x_wconf 84' lang='lat' dir='ltr'><strong>vendido,</strong></span> <span class='ocrx_word' id='word_1_82' title='bbox 507 899 544 944; x_wconf 97' lang='grc'><strong>16</strong></span> <span class='ocrx_word' id='word_1_83' title='bbox 570 899 767 956; x_wconf 86' lang='lat' dir='ltr'><strong>vendan,</strong></span> <span class='ocrx_word' id='word_1_84' title='bbox 794 917 819 962; x_wconf 94' lang='lat' dir='ltr'>y</span> <span class='ocrx_word' id='word_1_85' title='bbox 849 899 933 963; x_wconf 83' lang='lat' dir='ltr'><strong>[si]</strong></span> <span class='ocrx_word' id='word_1_86' title='bbox 962 903 1057 946; x_wconf 67' lang='lat' dir='ltr'><strong>esta</strong></span> <span class='ocrx_word' id='word_1_87' title='bbox 1083 901 1300 958; x_wconf 81' lang='lat' dir='ltr'><strong>vendicio,</strong></span> <span class='ocrx_word' id='word_1_88' title='bbox 1331 912 1498 965; x_wconf 79' lang='lat' dir='ltr'><strong>tengan</strong></span> <span class='ocrx_word' id='word_1_89' title='bbox 1524 900 1562 946; x_wconf 90' lang='lat' dir='ltr'><strong>el</strong></span> <span class='ocrx_word' id='word_1_90' title='bbox 1588 900 1751 946; x_wconf 81' lang='lat' dir='ltr'><strong>dinero</strong></span> <span class='ocrx_word' id='word_1_91' title='bbox 1770 917 1826 946; x_wconf 92' lang='lat' dir='ltr'><strong>en</strong></span> <span class='ocrx_word' id='word_1_92' title='bbox 1851 917 1904 946; x_wconf 89' lang='lat' dir='ltr'><strong>su</strong></span> 
     </span>
     <span class='ocr_line' id='line_1_10' title="bbox 258 974 1904 1039; baseline 0 -20"><span class='ocrx_word' id='word_1_93' title='bbox 258 991 404 1019; x_wconf 85' lang='lat' dir='ltr'><strong>vanco</strong></span> <span class='ocrx_word' id='word_1_94' title='bbox 428 990 538 1037; x_wconf 88' lang='lat' dir='ltr'><strong>para</strong></span> <span class='ocrx_word' id='word_1_95' title='bbox 564 985 659 1019; x_wconf 84' lang='lat' dir='ltr'><strong>esta</strong></span> <span class='ocrx_word' id='word_1_96' title='bbox 684 974 966 1037; x_wconf 77' lang='lat' dir='ltr'><strong>expedition.</strong></span> <span class='ocrx_word' id='word_1_97' title='bbox 996 975 1041 1020; x_wconf 94' lang='lat' dir='ltr'>Y</span> <span class='ocrx_word' id='word_1_98' title='bbox 1066 974 1122 1021; x_wconf 91' lang='lat' dir='ltr'><strong>V.</strong></span> <span class='ocrx_word' id='word_1_99' title='bbox 1151 974 1202 1023; x_wconf 89' lang='lat' dir='ltr'><strong>P.</strong></span> <span class='ocrx_word' id='word_1_100' title='bbox 1231 975 1396 1022; x_wconf 88' lang='lat' dir='ltr'><strong>mande</strong></span> <span class='ocrx_word' id='word_1_101' title='bbox 1427 991 1533 1021; x_wconf 88' lang='lat' dir='ltr'><strong>azer</strong></span> <span class='ocrx_word' id='word_1_102' title='bbox 1565 975 1686 1032; x_wconf 75' lang='lat' dir='ltr'><strong>ansi,</strong></span> <span class='ocrx_word' id='word_1_103' title='bbox 1712 991 1904 1039; x_wconf 87' lang='lat' dir='ltr'><strong>porque,</strong></span> 
     </span>
     <span class='ocr_line' id='line_1_11' title="bbox 252 1047 1905 1112; baseline 0.001 -19"><span class='ocrx_word' id='word_1_104' title='bbox 252 1048 401 1112; x_wconf 72' lang='lat' dir='ltr'><strong>segt&#39;m</strong></span> <span class='ocrx_word' id='word_1_105' title='bbox 429 1048 468 1094; x_wconf 91' lang='lat' dir='ltr'><strong>el</strong></span> <span class='ocrx_word' id='word_1_106' title='bbox 495 1047 740 1111; x_wconf 65' lang='lat' dir='ltr'><strong>areobispo</strong></span> <span class='ocrx_word' id='word_1_107' title='bbox 766 1060 891 1094; x_wconf 81' lang='lat' dir='ltr'><strong>torna</strong></span> <span class='ocrx_word' id='word_1_108' title='bbox 916 1050 942 1095; x_wconf 69' lang='lat' dir='ltr'><strong>a</strong></span> <span class='ocrx_word' id='word_1_109' title='bbox 967 1049 1135 1111; x_wconf 89' lang='lat' dir='ltr'><strong>pechos</strong></span> <span class='ocrx_word' id='word_1_110' title='bbox 1158 1062 1251 1095; x_wconf 84' lang='lat' dir='ltr'><strong>esta</strong></span> <span class='ocrx_word' id='word_1_111' title='bbox 1275 1049 1599 1107; x_wconf 80' lang='lat' dir='ltr'><strong>contraditi6n‚</strong></span> <span class='ocrx_word' id='word_1_112' title='bbox 1627 1049 1794 1112; x_wconf 75' lang='lat' dir='ltr'><strong>podria</strong></span> <span class='ocrx_word' id='word_1_113' title='bbox 1819 1065 1905 1105; x_wconf 85' lang='lat' dir='ltr'><strong>ser,</strong></span> 
     </span>
     <span class='ocr_line' id='line_1_12' title="bbox 256 1122 1905 1188; baseline 0.001 -20"><span class='ocrx_word' id='word_1_114' title='bbox 256 1123 301 1168; x_wconf 93' lang='grc'><strong>10</strong></span> <span class='ocrx_word' id='word_1_115' title='bbox 326 1140 416 1186; x_wconf 89' lang='lat' dir='ltr'><strong>que</strong></span> <span class='ocrx_word' id='word_1_116' title='bbox 441 1140 575 1185; x_wconf 90' lang='lat' dir='ltr'><strong>spero</strong></span> <span class='ocrx_word' id='word_1_117' title='bbox 604 1139 659 1168; x_wconf 93' lang='lat' dir='ltr'><strong>en</strong></span> <span class='ocrx_word' id='word_1_118' title='bbox 688 1135 876 1168; x_wconf 87' lang='lat' dir='ltr'><strong>nuestro</strong></span> <span class='ocrx_word' id='word_1_119' title='bbox 901 1124 1045 1169; x_wconf 81' lang='lat' dir='ltr'><strong>Sefior</strong></span> <span class='ocrx_word' id='word_1_120' title='bbox 1072 1140 1132 1170; x_wconf 91' lang='lat' dir='ltr'><strong>no</strong></span> <span class='ocrx_word' id='word_1_121' title='bbox 1158 1126 1278 1179; x_wconf 68' lang='lat' dir='ltr'><strong>sera,</strong></span> <span class='ocrx_word' id='word_1_122' title='bbox 1314 1141 1403 1188; x_wconf 91' lang='lat' dir='ltr'><strong>que</strong></span> <span class='ocrx_word' id='word_1_123' title='bbox 1429 1140 1489 1170; x_wconf 89' lang='lat' dir='ltr'><strong>no</strong></span> <span class='ocrx_word' id='word_1_124' title='bbox 1515 1140 1560 1169; x_wconf 92' lang='lat' dir='ltr'><strong>se</strong></span> <span class='ocrx_word' id='word_1_125' title='bbox 1587 1123 1734 1185; x_wconf 77' lang='lat' dir='ltr'><strong>yziese</strong></span> <span class='ocrx_word' id='word_1_126' title='bbox 1762 1122 1799 1168; x_wconf 91' lang='grc'><strong>61</strong></span> <span class='ocrx_word' id='word_1_127' title='bbox 1825 1139 1905 1169; x_wconf 92' lang='grc'><strong>60-</strong></span> 
     </span>
     <span class='ocr_line' id='line_1_13' title="bbox 259 1197 1909 1262; baseline 0.001 -20"><span class='ocrx_word' id='word_1_128' title='bbox 259 1197 391 1262; x_wconf 81' lang='lat' dir='ltr'><strong>legi03</strong></span> <span class='ocrx_word' id='word_1_129' title='bbox 420 1215 444 1259; x_wconf 94' lang='lat' dir='ltr'>y</span> <span class='ocrx_word' id='word_1_130' title='bbox 469 1215 529 1243; x_wconf 90' lang='lat' dir='ltr'><strong>no</strong></span> <span class='ocrx_word' id='word_1_131' title='bbox 556 1197 851 1254; x_wconf 74' lang='lat' dir='ltr'><strong>haziendose,</strong></span> <span class='ocrx_word' id='word_1_132' title='bbox 878 1198 1133 1262; x_wconf 77' lang='lat' dir='ltr'><strong>quedarian</strong></span> <span class='ocrx_word' id='word_1_133' title='bbox 1160 1199 1376 1262; x_wconf 81' lang='lat' dir='ltr'><strong>perdidos</strong></span> <span class='ocrx_word' id='word_1_134' title='bbox 1405 1199 1489 1244; x_wconf 81' lang='lat' dir='ltr'><strong>mis</strong></span> <span class='ocrx_word' id='word_1_135' title='bbox 1514 1199 1783 1262; x_wconf 75' lang='lat' dir='ltr'><strong>prestamos.</strong></span> <span class='ocrx_word' id='word_1_136' title='bbox 1814 1197 1909 1244; x_wconf 91' lang='lat' dir='ltr'><strong>Por</strong></span> 
     </span>
     <span class='ocr_line' id='line_1_14' title="bbox 255 1273 1908 1337; baseline -0.001 -18"><span class='ocrx_word' id='word_1_137' title='bbox 255 1285 401 1332; x_wconf 90' lang='lat' dir='ltr'><strong>tanto,</strong></span> <span class='ocrx_word' id='word_1_138' title='bbox 431 1273 596 1319; x_wconf 83' lang='lat' dir='ltr'><strong>mande</strong></span> <span class='ocrx_word' id='word_1_139' title='bbox 625 1274 685 1320; x_wconf 92' lang='lat' dir='ltr'><strong>V.</strong></span> <span class='ocrx_word' id='word_1_140' title='bbox 711 1273 764 1320; x_wconf 90' lang='lat' dir='ltr'><strong>P.</strong></span> <span class='ocrx_word' id='word_1_141' title='bbox 791 1290 881 1337; x_wconf 90' lang='lat' dir='ltr'><strong>que</strong></span> <span class='ocrx_word' id='word_1_142' title='bbox 906 1290 952 1319; x_wconf 89' lang='lat' dir='ltr'><strong>se</strong></span> <span class='ocrx_word' id='word_1_143' title='bbox 977 1290 1060 1337; x_wconf 85' lang='lat' dir='ltr'><strong>aga</strong></span> <span class='ocrx_word' id='word_1_144' title='bbox 1085 1275 1212 1320; x_wconf 85' lang='lat' dir='ltr'><strong>desta</strong></span> <span class='ocrx_word' id='word_1_145' title='bbox 1238 1291 1436 1331; x_wconf 86' lang='lat' dir='ltr'><strong>manera,</strong></span> <span class='ocrx_word' id='word_1_146' title='bbox 1464 1292 1490 1335; x_wconf 91' lang='lat' dir='ltr'>y</span> <span class='ocrx_word' id='word_1_147' title='bbox 1512 1274 1550 1319; x_wconf 91' lang='lat' dir='ltr'><strong>el</strong></span> <span class='ocrx_word' id='word_1_148' title='bbox 1579 1273 1767 1337; x_wconf 83' lang='lat' dir='ltr'><strong>negotio</strong></span> <span class='ocrx_word' id='word_1_149' title='bbox 1792 1283 1908 1318; x_wconf 82' lang='lat' dir='ltr'><strong>esta-</strong></span> 
     </span>
     <span class='ocr_line' id='line_1_15' title="bbox 255 1345 1910 1412; baseline -0.001 -19"><span class='ocrx_word' id='word_1_150' title='bbox 255 1351 306 1394; x_wconf 69' lang='grc' dir='ltr'><strong>τὲ.</strong></span> <span class='ocrx_word' id='word_1_151' title='bbox 331 1365 515 1411; x_wconf 86' lang='lat' dir='ltr'><strong>seguro,</strong></span> <span class='ocrx_word' id='word_1_152' title='bbox 544 1365 569 1410; x_wconf 93' lang='lat' dir='ltr'>y</span> <span class='ocrx_word' id='word_1_153' title='bbox 599 1347 667 1394; x_wconf 96' lang='grc'><strong>103</strong></span> <span class='ocrx_word' id='word_1_154' title='bbox 693 1348 950 1410; x_wconf 75' lang='lat' dir='ltr'><strong>prestamos</strong></span> <span class='ocrx_word' id='word_1_155' title='bbox 986 1365 1045 1394; x_wconf 91' lang='lat' dir='ltr'><strong>no</strong></span> <span class='ocrx_word' id='word_1_156' title='bbox 1077 1351 1103 1395; x_wconf 72' lang='grc'><strong>3</strong></span> <span class='ocrx_word' id='word_1_157' title='bbox 1134 1349 1324 1412; x_wconf 75' lang='lat' dir='ltr'><strong>peligro.</strong></span> <span class='ocrx_word' id='word_1_158' title='bbox 1367 1349 1426 1396; x_wconf 93' lang='lat' dir='ltr'><strong>V.</strong></span> <span class='ocrx_word' id='word_1_159' title='bbox 1464 1348 1517 1396; x_wconf 92' lang='lat' dir='ltr'><strong>P.</strong></span> <span class='ocrx_word' id='word_1_160' title='bbox 1546 1348 1713 1394; x_wconf 88' lang='lat' dir='ltr'><strong>mande</strong></span> <span class='ocrx_word' id='word_1_161' title='bbox 1737 1363 1844 1393; x_wconf 86' lang='lat' dir='ltr'><strong>azer</strong></span> <span class='ocrx_word' id='word_1_162' title='bbox 1869 1345 1910 1392; x_wconf 87' lang='lat' dir='ltr'><strong>la</strong></span> 
     </span>
     <span class='ocr_line' id='line_1_16' title="bbox 254 1419 1908 1486; baseline -0.001 -19"><span class='ocrx_word' id='word_1_163' title='bbox 254 1421 544 1486; x_wconf 73' lang='lat' dir='ltr'><strong>suplication,</strong></span> <span class='ocrx_word' id='word_1_164' title='bbox 570 1439 602 1485; x_wconf 90' lang='lat' dir='ltr'>y</span> <span class='ocrx_word' id='word_1_165' title='bbox 626 1423 845 1485; x_wconf 82' lang='lat' dir='ltr'><strong>signarse,</strong></span> <span class='ocrx_word' id='word_1_166' title='bbox 872 1439 900 1485; x_wconf 93' lang='lat' dir='ltr'>y</span> <span class='ocrx_word' id='word_1_167' title='bbox 926 1422 1070 1469; x_wconf 75' lang='lat' dir='ltr'><strong>estese</strong></span> <span class='ocrx_word' id='word_1_168' title='bbox 1096 1435 1273 1469; x_wconf 85' lang='lat' dir='ltr'><strong>retenta</strong></span> <span class='ocrx_word' id='word_1_169' title='bbox 1297 1440 1351 1469; x_wconf 90' lang='lat' dir='ltr'><strong>en</strong></span> <span class='ocrx_word' id='word_1_170' title='bbox 1377 1438 1478 1468; x_wconf 85' lang='lat' dir='ltr'><strong>casa</strong></span> <span class='ocrx_word' id='word_1_171' title='bbox 1507 1421 1579 1468; x_wconf 92' lang='lat' dir='ltr'><strong>del</strong></span> <span class='ocrx_word' id='word_1_172' title='bbox 1605 1420 1798 1468; x_wconf 82' lang='lat' dir='ltr'><strong>datario.</strong></span> <span class='ocrx_word' id='word_1_173' title='bbox 1826 1419 1908 1466; x_wconf 90' lang='lat' dir='ltr'><strong>No</strong></span> 
     </span>
     <span class='ocr_line' id='line_1_17' title="bbox 253 1490 1907 1562; baseline -0.001 -19"><span class='ocrx_word' id='word_1_174' title='bbox 253 1514 301 1543; x_wconf 90' lang='lat' dir='ltr'><strong>se</strong></span> <span class='ocrx_word' id='word_1_175' title='bbox 325 1498 501 1543; x_wconf 85' lang='lat' dir='ltr'><strong>redima</strong></span> <span class='ocrx_word' id='word_1_176' title='bbox 526 1498 569 1543; x_wconf 82' lang='lat' dir='ltr'><strong>ni</strong></span> <span class='ocrx_word' id='word_1_177' title='bbox 596 1514 642 1542; x_wconf 89' lang='lat' dir='ltr'><strong>se</strong></span> <span class='ocrx_word' id='word_1_178' title='bbox 666 1497 725 1543; x_wconf 76' lang='lat' dir='ltr'><strong>de</strong></span> <span class='ocrx_word' id='word_1_179' title='bbox 750 1497 789 1543; x_wconf 95' lang='grc'><strong>61</strong></span> <span class='ocrx_word' id='word_1_180' title='bbox 816 1514 1054 1554; x_wconf 67' lang='grc'><strong>60036030,</strong></span> <span class='ocrx_word' id='word_1_181' title='bbox 1082 1508 1178 1544; x_wconf 86' lang='lat' dir='ltr'><strong>asta</strong></span> <span class='ocrx_word' id='word_1_182' title='bbox 1210 1515 1299 1562; x_wconf 89' lang='lat' dir='ltr'><strong>que</strong></span> <span class='ocrx_word' id='word_1_183' title='bbox 1330 1497 1371 1544; x_wconf 92' lang='lat' dir='ltr'><strong>el</strong></span> <span class='ocrx_word' id='word_1_184' title='bbox 1405 1497 1457 1544; x_wconf 91' lang='lat' dir='ltr'><strong>P.</strong></span> <span class='ocrx_word' id='word_1_185' title='bbox 1488 1490 1730 1543; x_wconf 80' lang='lat' dir='ltr'><strong>Francisco</strong></span> <span class='ocrx_word' id='word_1_186' title='bbox 1754 1495 1907 1561; x_wconf 87' lang='lat' dir='ltr'><strong>Borja,</strong></span> 
     </span>
     <span class='ocr_line' id='line_1_18' title="bbox 252 1571 1909 1636; baseline -0.001 -20"><span class='ocrx_word' id='word_1_187' title='bbox 252 1571 540 1628; x_wconf 83' lang='lat' dir='ltr'><strong>comissario,</strong></span> <span class='ocrx_word' id='word_1_188' title='bbox 579 1589 606 1634; x_wconf 92' lang='lat' dir='ltr'><strong>y</strong></span> <span class='ocrx_word' id='word_1_189' title='bbox 645 1572 687 1616; x_wconf 86' lang='lat' dir='ltr'><strong>io</strong></span> <span class='ocrx_word' id='word_1_190' title='bbox 725 1571 951 1618; x_wconf 81' lang='lat' dir='ltr'><strong>avisemos</strong></span> <span class='ocrx_word' id='word_1_191' title='bbox 982 1589 1072 1636; x_wconf 91' lang='lat' dir='ltr'><strong>que</strong></span> <span class='ocrx_word' id='word_1_192' title='bbox 1108 1572 1202 1618; x_wconf 75' lang='lat' dir='ltr'><strong>este</strong></span> <span class='ocrx_word' id='word_1_193' title='bbox 1238 1573 1350 1619; x_wconf 87' lang='lat' dir='ltr'><strong>todo</strong></span> <span class='ocrx_word' id='word_1_194' title='bbox 1376 1571 1519 1630; x_wconf 82' lang='lat' dir='ltr'><strong>liano,</strong></span> <span class='ocrx_word' id='word_1_195' title='bbox 1545 1588 1746 1635; x_wconf 87' lang='lat' dir='ltr'><strong>porque,</strong></span> <span class='ocrx_word' id='word_1_196' title='bbox 1771 1587 1909 1616; x_wconf 90' lang='lat' dir='ltr'><strong>como</strong></span> 
     </span>
     <span class='ocr_line' id='line_1_19' title="bbox 253 1644 1909 1711; baseline -0.002 -19"><span class='ocrx_word' id='word_1_197' title='bbox 253 1646 383 1710; x_wconf 84' lang='lat' dir='ltr'><strong>digo,</strong></span> <span class='ocrx_word' id='word_1_198' title='bbox 411 1646 623 1709; x_wconf 73' lang='lat' dir='ltr'><strong>podriase</strong></span> <span class='ocrx_word' id='word_1_199' title='bbox 649 1664 757 1692; x_wconf 86' lang='lat' dir='ltr'><strong>azer</strong></span> <span class='ocrx_word' id='word_1_200' title='bbox 784 1647 822 1692; x_wconf 89' lang='grc'><strong>13</strong></span> <span class='ocrx_word' id='word_1_201' title='bbox 848 1647 990 1693; x_wconf 81' lang='lat' dir='ltr'><strong>vni6n</strong></span> <span class='ocrx_word' id='word_1_202' title='bbox 1017 1665 1043 1709; x_wconf 96' lang='lat' dir='ltr'>y</span> <span class='ocrx_word' id='word_1_203' title='bbox 1073 1664 1133 1693; x_wconf 92' lang='lat' dir='ltr'><strong>no</strong></span> <span class='ocrx_word' id='word_1_204' title='bbox 1157 1647 1196 1693; x_wconf 92' lang='lat' dir='ltr'><strong>el</strong></span> <span class='ocrx_word' id='word_1_205' title='bbox 1221 1648 1423 1711; x_wconf 84' lang='lat' dir='ltr'><strong>colegio,</strong></span> <span class='ocrx_word' id='word_1_206' title='bbox 1447 1664 1476 1709; x_wconf 95' lang='lat' dir='ltr'>y</span> <span class='ocrx_word' id='word_1_207' title='bbox 1502 1647 1807 1710; x_wconf 86' lang='lat' dir='ltr'><strong>perderseyan</strong></span> <span class='ocrx_word' id='word_1_208' title='bbox 1843 1644 1909 1690; x_wconf 92' lang='grc'><strong>103</strong></span> 
     </span>
     <span class='ocr_line' id='line_1_20' title="bbox 255 1720 513 1768; baseline 0.004 -2"><span class='ocrx_word' id='word_1_209' title='bbox 255 1720 513 1768; x_wconf 57' lang='lat' dir='ltr'><strong>benefitio&amp;</strong></span> 
     </span>
    </p>

    <p class='ocr_par' dir='ltr' id='par_1_4' title="bbox 253 1792 1908 2156">
     <span class='ocr_line' id='line_1_21' title="bbox 321 1792 1908 1858; baseline -0.001 -17"><span class='ocrx_word' id='word_1_210' title='bbox 321 1796 468 1857; x_wconf 80' lang='lat' dir='ltr'><strong>Ayer,</strong></span> <span class='ocrx_word' id='word_1_211' title='bbox 494 1807 619 1841; x_wconf 88' lang='lat' dir='ltr'><strong>treze</strong></span> <span class='ocrx_word' id='word_1_212' title='bbox 644 1794 716 1842; x_wconf 85' lang='lat' dir='ltr'><strong>del</strong></span> <span class='ocrx_word' id='word_1_213' title='bbox 744 1806 968 1858; x_wconf 83' lang='lat' dir='ltr'><strong>presente,</strong></span> <span class='ocrx_word' id='word_1_214' title='bbox 998 1812 1069 1842; x_wconf 91' lang='lat' dir='ltr'><strong>me</strong></span> <span class='ocrx_word' id='word_1_215' title='bbox 1095 1795 1343 1842; x_wconf 82' lang='lat' dir='ltr'><strong>intimaron</strong></span> <span class='ocrx_word' id='word_1_216' title='bbox 1369 1812 1431 1841; x_wconf 86' lang='lat' dir='ltr'><strong>vn</strong></span> <span class='ocrx_word' id='word_1_217' title='bbox 1458 1793 1804 1841; x_wconf 79' lang='lat' dir='ltr'><strong>mandamiento</strong></span> <span class='ocrx_word' id='word_1_218' title='bbox 1832 1792 1908 1840; x_wconf 90' lang='lat' dir='ltr'><strong>del</strong></span> 
     </span>
     <span class='ocr_line' id='line_1_22' title="bbox 253 1867 1906 1934; baseline -0.001 -19"><span class='ocrx_word' id='word_1_219' title='bbox 253 1868 525 1933; x_wconf 63' lang='lat' dir='ltr'><strong>areobispQ</strong></span> <span class='ocrx_word' id='word_1_220' title='bbox 559 1886 669 1932; x_wconf 84' lang='lat' dir='ltr'><strong>para</strong></span> <span class='ocrx_word' id='word_1_221' title='bbox 702 1886 792 1933; x_wconf 88' lang='lat' dir='ltr'><strong>que</strong></span> <span class='ocrx_word' id='word_1_222' title='bbox 826 1887 886 1916; x_wconf 91' lang='lat' dir='ltr'><strong>no</strong></span> <span class='ocrx_word' id='word_1_223' title='bbox 922 1869 1158 1916; x_wconf 78' lang='lat' dir='ltr'><strong>consienta</strong></span> <span class='ocrx_word' id='word_1_224' title='bbox 1188 1887 1278 1934; x_wconf 91' lang='lat' dir='ltr'><strong>que</strong></span> <span class='ocrx_word' id='word_1_225' title='bbox 1308 1886 1364 1916; x_wconf 90' lang='lat' dir='ltr'><strong>en</strong></span> <span class='ocrx_word' id='word_1_226' title='bbox 1391 1869 1451 1915; x_wconf 79' lang='lat' dir='ltr'><strong>mi</strong></span> <span class='ocrx_word' id='word_1_227' title='bbox 1484 1885 1583 1915; x_wconf 90' lang='lat' dir='ltr'><strong>casa</strong></span> <span class='ocrx_word' id='word_1_228' title='bbox 1606 1886 1652 1914; x_wconf 89' lang='lat' dir='ltr'><strong>se</strong></span> <span class='ocrx_word' id='word_1_229' title='bbox 1677 1885 1761 1932; x_wconf 85' lang='lat' dir='ltr'><strong>aga</strong></span> <span class='ocrx_word' id='word_1_230' title='bbox 1784 1867 1906 1913; x_wconf 87' lang='lat' dir='ltr'><strong>cole—</strong></span> 
     </span>
     <span class='ocr_line' id='line_1_23' title="bbox 254 1943 1906 2008; baseline -0.002 -18"><span class='ocrx_word' id='word_1_231' title='bbox 254 1944 355 2007; x_wconf 83' lang='lat' dir='ltr'><strong>gio,</strong></span> <span class='ocrx_word' id='word_1_232' title='bbox 383 1945 424 1989; x_wconf 85' lang='lat' dir='ltr'><strong>ni</strong></span> <span class='ocrx_word' id='word_1_233' title='bbox 455 1943 675 2007; x_wconf 83' lang='lat' dir='ltr'><strong>hospital,</strong></span> <span class='ocrx_word' id='word_1_234' title='bbox 702 1944 745 1989; x_wconf 81' lang='lat' dir='ltr'><strong>ni</strong></span> <span class='ocrx_word' id='word_1_235' title='bbox 771 1956 872 1989; x_wconf 86' lang='lat' dir='ltr'><strong>otra</strong></span> <span class='ocrx_word' id='word_1_236' title='bbox 896 1945 1009 1990; x_wconf 85' lang='lat' dir='ltr'><strong>obra</strong></span> <span class='ocrx_word' id='word_1_237' title='bbox 1034 1945 1132 2008; x_wconf 73' lang='lat' dir='ltr'><strong>pia,</strong></span> <span class='ocrx_word' id='word_1_238' title='bbox 1158 1961 1209 1990; x_wconf 94' lang='lat' dir='ltr'><strong>so</strong></span> <span class='ocrx_word' id='word_1_239' title='bbox 1243 1961 1359 2007; x_wconf 89' lang='lat' dir='ltr'><strong>pena</strong></span> <span class='ocrx_word' id='word_1_240' title='bbox 1382 1944 1440 1990; x_wconf 91' lang='lat' dir='ltr'><strong>de</strong></span> <span class='ocrx_word' id='word_1_241' title='bbox 1464 1943 1777 1989; x_wconf 77' lang='lat' dir='ltr'><strong>excomunion</strong></span> <span class='ocrx_word' id='word_1_242' title='bbox 1805 1958 1906 1987; x_wconf 90' lang='lat' dir='ltr'><strong>ma-</strong></span> 
     </span>
     <span class='ocr_line' id='line_1_24' title="bbox 255 2019 1908 2083; baseline -0.001 -19"><span class='ocrx_word' id='word_1_243' title='bbox 255 2036 340 2081; x_wconf 90' lang='lat' dir='ltr'><strong>yor</strong></span> <span class='ocrx_word' id='word_1_244' title='bbox 364 2019 450 2065; x_wconf 88' lang='lat' dir='ltr'><strong>late</strong></span> <span class='ocrx_word' id='word_1_245' title='bbox 475 2019 697 2065; x_wconf 83' lang='lat' dir='ltr'><strong>sententie</strong></span> <span class='ocrx_word' id='word_1_246' title='bbox 722 2036 750 2082; x_wconf 96' lang='lat' dir='ltr'>y</span> <span class='ocrx_word' id='word_1_247' title='bbox 779 2020 835 2066; x_wconf 92' lang='lat' dir='ltr'><strong>de</strong></span> <span class='ocrx_word' id='word_1_248' title='bbox 859 2020 1122 2083; x_wconf 78' lang='lat' dir='ltr'><strong>quinientos</strong></span> <span class='ocrx_word' id='word_1_249' title='bbox 1147 2019 1349 2066; x_wconf 89' lang='lat' dir='ltr'><strong>ducados</strong></span> <span class='ocrx_word' id='word_1_250' title='bbox 1374 2035 1483 2081; x_wconf 88' lang='lat' dir='ltr'><strong>para</strong></span> <span class='ocrx_word' id='word_1_251' title='bbox 1504 2035 1557 2064; x_wconf 91' lang='lat' dir='ltr'><strong>su</strong></span> <span class='ocrx_word' id='word_1_252' title='bbox 1582 2019 1778 2073; x_wconf 69' lang='lat' dir='ltr'><strong>camara3</strong></span> <span class='ocrx_word' id='word_1_253' title='bbox 1801 2034 1828 2079; x_wconf 93' lang='lat' dir='ltr'>y</span> <span class='ocrx_word' id='word_1_254' title='bbox 1857 2033 1908 2062; x_wconf 90' lang='lat' dir='ltr'><strong>so</strong></span> 
     </span>
     <span class='ocr_line' id='line_1_25' title="bbox 256 2090 1908 2156; baseline -0.001 -18"><span class='ocrx_word' id='word_1_255' title='bbox 256 2091 298 2138; x_wconf 92' lang='lat' dir='ltr'><strong>la</strong></span> <span class='ocrx_word' id='word_1_256' title='bbox 321 2093 456 2140; x_wconf 87' lang='lat' dir='ltr'><strong>dicha</strong></span> <span class='ocrx_word' id='word_1_257' title='bbox 480 2110 618 2156; x_wconf 88' lang='lat' dir='ltr'><strong>pena,</strong></span> <span class='ocrx_word' id='word_1_258' title='bbox 644 2109 733 2156; x_wconf 92' lang='lat' dir='ltr'><strong>que</strong></span> <span class='ocrx_word' id='word_1_259' title='bbox 758 2092 894 2156; x_wconf 86' lang='lat' dir='ltr'><strong>luego</strong></span> <span class='ocrx_word' id='word_1_260' title='bbox 923 2093 1150 2140; x_wconf 83' lang='lat' dir='ltr'><strong>remitiese</strong></span> <span class='ocrx_word' id='word_1_261' title='bbox 1181 2093 1295 2140; x_wconf 89' lang='lat' dir='ltr'><strong>todo</strong></span> <span class='ocrx_word' id='word_1_262' title='bbox 1329 2093 1372 2139; x_wconf 94' lang='grc'><strong>10</strong></span> <span class='ocrx_word' id='word_1_263' title='bbox 1403 2109 1493 2156; x_wconf 89' lang='lat' dir='ltr'><strong>que</strong></span> <span class='ocrx_word' id='word_1_264' title='bbox 1516 2109 1572 2138; x_wconf 90' lang='lat' dir='ltr'><strong>en</strong></span> <span class='ocrx_word' id='word_1_265' title='bbox 1597 2103 1689 2138; x_wconf 88' lang='lat' dir='ltr'><strong>este</strong></span> <span class='ocrx_word' id='word_1_266' title='bbox 1719 2090 1908 2155; x_wconf 79' lang='lat' dir='ltr'><strong>negotio</strong></span> 
     </span>
    </p>
   </div>
   <div class='ocr_carea' id='block_1_3' title="bbox 256 2271 1908 3199">
    <p class='ocr_par' dir='ltr' id='par_1_5' title="bbox 256 2271 1908 3199">
     <span class='ocr_line' id='line_1_26' title="bbox 313 2271 1907 2322; baseline -0.001 -14"><span class='ocrx_word' id='word_1_267' title='bbox 313 2271 326 2296; x_wconf 93' lang='lat'><strong>¹</strong></span> <span class='ocrx_word' id='word_1_268' title='bbox 383 2273 445 2309; x_wconf 89' lang='lat' dir='ltr'><strong>Ad</strong></span> <span class='ocrx_word' id='word_1_269' title='bbox 466 2283 544 2309; x_wconf 88' lang='lat' dir='ltr'><strong>rem</strong></span> <span class='ocrx_word' id='word_1_270' title='bbox 565 2273 773 2319; x_wconf 82' lang='lat' dir='ltr'><strong>POLANCO,</strong></span> <span class='ocrx_word' id='word_1_271' title='bbox 795 2278 824 2310; x_wconf 93' lang='lat' dir='ltr'><strong>t.</strong></span> <span class='ocrx_word' id='word_1_272' title='bbox 848 2282 889 2320; x_wconf 87' lang='lat' dir='ltr'><strong>V,</strong></span> <span class='ocrx_word' id='word_1_273' title='bbox 914 2285 1002 2320; x_wconf 84' lang='lat' dir='ltr'><strong>pag.</strong></span> <span class='ocrx_word' id='word_1_274' title='bbox 1026 2282 1116 2322; x_wconf 88' lang='lat'><strong>554,</strong></span> <span class='ocrx_word' id='word_1_275' title='bbox 1139 2285 1175 2311; x_wconf 92' lang='lat' dir='ltr'><strong>n.</strong></span> <span class='ocrx_word' id='word_1_276' title='bbox 1201 2282 1315 2322; x_wconf 90' lang='lat'>1521:</span> <span class='ocrx_word' id='word_1_277' title='bbox 1337 2272 1456 2310; x_wconf 81' lang='lat' dir='ltr'><strong>«Cum</strong></span> <span class='ocrx_word' id='word_1_278' title='bbox 1473 2272 1762 2319; x_wconf 85' lang='lat' dir='ltr'><strong>protonotarius</strong></span> <span class='ocrx_word' id='word_1_279' title='bbox 1782 2271 1907 2308; x_wconf 91' lang='lat' dir='ltr'><strong>Ludo-</strong></span> 
     </span>
     <span class='ocr_line' id='line_1_27' title="bbox 257 2335 1908 2383; baseline -0.001 -12"><span class='ocrx_word' id='word_1_280' title='bbox 257 2336 367 2372; x_wconf 88' lang='lat' dir='ltr'><strong>vicus</strong></span> <span class='ocrx_word' id='word_1_281' title='bbox 387 2336 434 2371; x_wconf 91' lang='lat' dir='ltr'><strong>de</strong></span> <span class='ocrx_word' id='word_1_282' title='bbox 455 2335 717 2382; x_wconf 88' lang='lat' dir='ltr'><strong>Calatayud...</strong></span> <span class='ocrx_word' id='word_1_283' title='bbox 741 2337 898 2372; x_wconf 89' lang='lat' dir='ltr'><strong>domum</strong></span> <span class='ocrx_word' id='word_1_284' title='bbox 928 2341 964 2372; x_wconf 89' lang='lat' dir='ltr'><strong>et</strong></span> <span class='ocrx_word' id='word_1_285' title='bbox 998 2337 1233 2383; x_wconf 87' lang='lat' dir='ltr'><strong>quingentos</strong></span> <span class='ocrx_word' id='word_1_286' title='bbox 1260 2346 1397 2372; x_wconf 86' lang='lat' dir='ltr'><strong>aureos</strong></span> <span class='ocrx_word' id='word_1_287' title='bbox 1418 2335 1537 2371; x_wconf 89' lang='lat' dir='ltr'><strong>annui</strong></span> <span class='ocrx_word' id='word_1_288' title='bbox 1558 2335 1704 2371; x_wconf 86' lang='lat' dir='ltr'><strong>reditus</strong></span> <span class='ocrx_word' id='word_1_289' title='bbox 1725 2335 1773 2370; x_wconf 87' lang='lat' dir='ltr'><strong>ad</strong></span> <span class='ocrx_word' id='word_1_290' title='bbox 1794 2336 1908 2371; x_wconf 90' lang='lat' dir='ltr'><strong>colle-</strong></span> 
     </span>
     <span class='ocr_line' id='line_1_28' title="bbox 258 2398 1905 2446; baseline 0 -12"><span class='ocrx_word' id='word_1_291' title='bbox 258 2399 364 2444; x_wconf 91' lang='lat' dir='ltr'><strong>gium</strong></span> <span class='ocrx_word' id='word_1_292' title='bbox 396 2399 621 2445; x_wconf 87' lang='lat' dir='ltr'><strong>erigendum</strong></span> <span class='ocrx_word' id='word_1_293' title='bbox 649 2399 870 2445; x_wconf 84' lang='lat' dir='ltr'><strong>obtulisset,</strong></span> <span class='ocrx_word' id='word_1_294' title='bbox 905 2405 943 2435; x_wconf 88' lang='lat' dir='ltr'><strong>et</strong></span> <span class='ocrx_word' id='word_1_295' title='bbox 974 2400 1138 2446; x_wconf 86' lang='lat' dir='ltr'><strong>ipsemet</strong></span> <span class='ocrx_word' id='word_1_296' title='bbox 1167 2399 1338 2436; x_wconf 85' lang='lat' dir='ltr'><strong>officium</strong></span> <span class='ocrx_word' id='word_1_297' title='bbox 1367 2399 1563 2446; x_wconf 86' lang='lat' dir='ltr'><strong>quoddam</strong></span> <span class='ocrx_word' id='word_1_298' title='bbox 1596 2398 1768 2444; x_wconf 83' lang='lat' dir='ltr'><strong>offerret,</strong></span> <span class='ocrx_word' id='word_1_299' title='bbox 1801 2399 1905 2444; x_wconf 90' lang='lat' dir='ltr'><strong>quod</strong></span> 
     </span>
     <span class='ocr_line' id='line_1_29' title="bbox 257 2457 1906 2511; baseline 0 -15"><span class='ocrx_word' id='word_1_300' title='bbox 257 2460 400 2497; x_wconf 86' lang='lat' dir='ltr'><strong>Romae</strong></span> <span class='ocrx_word' id='word_1_301' title='bbox 421 2461 590 2496; x_wconf 84' lang='lat' dir='ltr'><strong>habebat</strong></span> <span class='ocrx_word' id='word_1_302' title='bbox 608 2457 950 2511; x_wconf 74' lang='lat' dir='ltr'><strong>(gienz&#39;zeratum</strong></span> <span class='ocrx_word' id='word_1_303' title='bbox 972 2463 1146 2510; x_wconf 84' lang='lat' dir='ltr'><strong>vocant),</strong></span> <span class='ocrx_word' id='word_1_304' title='bbox 1166 2463 1270 2509; x_wconf 91' lang='lat' dir='ltr'><strong>quod</strong></span> <span class='ocrx_word' id='word_1_305' title='bbox 1292 2462 1528 2508; x_wconf 85' lang='lat' dir='ltr'><strong>octingentis</strong></span> <span class='ocrx_word' id='word_1_306' title='bbox 1549 2460 1628 2497; x_wconf 89' lang='lat' dir='ltr'><strong>fere</strong></span> <span class='ocrx_word' id='word_1_307' title='bbox 1646 2461 1772 2497; x_wconf 84' lang='lat' dir='ltr'><strong>aureis</strong></span> <span class='ocrx_word' id='word_1_308' title='bbox 1791 2461 1906 2497; x_wconf 87' lang='lat' dir='ltr'><strong>vendi</strong></span> 
     </span>
     <span class='ocr_line' id='line_1_30' title="bbox 258 2523 1907 2572; baseline 0 -13"><span class='ocrx_word' id='word_1_309' title='bbox 258 2527 483 2570; x_wconf 86' lang='lat' dir='ltr'><strong>poterat....;</strong></span> <span class='ocrx_word' id='word_1_310' title='bbox 504 2524 612 2569; x_wconf 85' lang='lat' dir='ltr'><strong>haec,</strong></span> <span class='ocrx_word' id='word_1_311' title='bbox 634 2523 810 2571; x_wconf 87' lang='lat' dir='ltr'><strong>inquam,</strong></span> <span class='ocrx_word' id='word_1_312' title='bbox 833 2535 920 2560; x_wconf 90' lang='lat' dir='ltr'><strong>cum</strong></span> <span class='ocrx_word' id='word_1_313' title='bbox 942 2529 1137 2562; x_wconf 87' lang='lat' dir='ltr'><strong>transacta</strong></span> <span class='ocrx_word' id='word_1_314' title='bbox 1165 2529 1316 2572; x_wconf 86' lang='lat' dir='ltr'><strong>essent,</strong></span> <span class='ocrx_word' id='word_1_315' title='bbox 1342 2524 1672 2570; x_wconf 90' lang='lat' dir='ltr'><strong>Archiepiscopus</strong></span> <span class='ocrx_word' id='word_1_316' title='bbox 1694 2523 1907 2560; x_wconf 86' lang='lat' dir='ltr'><strong>Toletanus</strong></span> 
     </span>
     <span class='ocr_line' id='line_1_31' title="bbox 256 2585 1906 2635; baseline 0 -13"><span class='ocrx_word' id='word_1_317' title='bbox 256 2585 465 2635; x_wconf 89' lang='lat' dir='ltr'><strong>[Martinez</strong></span> <span class='ocrx_word' id='word_1_318' title='bbox 487 2585 718 2635; x_wconf 88' lang='lat' dir='ltr'><strong>Siliceus]...</strong></span> <span class='ocrx_word' id='word_1_319' title='bbox 741 2587 780 2622; x_wconf 91' lang='lat' dir='ltr'><strong>in</strong></span> <span class='ocrx_word' id='word_1_320' title='bbox 801 2587 942 2623; x_wconf 89' lang='lat' dir='ltr'><strong>virtute</strong></span> <span class='ocrx_word' id='word_1_321' title='bbox 963 2592 1121 2624; x_wconf 87' lang='lat' dir='ltr'><strong>sanctae</strong></span> <span class='ocrx_word' id='word_1_322' title='bbox 1142 2587 1385 2624; x_wconf 84' lang='lat' dir='ltr'><strong>obedientiae</strong></span> <span class='ocrx_word' id='word_1_323' title='bbox 1408 2590 1444 2622; x_wconf 90' lang='lat' dir='ltr'><strong>et</strong></span> <span class='ocrx_word' id='word_1_324' title='bbox 1458 2587 1529 2622; x_wconf 90' lang='lat' dir='ltr'><strong>sub</strong></span> <span class='ocrx_word' id='word_1_325' title='bbox 1544 2596 1672 2632; x_wconf 87' lang='lat' dir='ltr'><strong>poena</strong></span> <span class='ocrx_word' id='word_1_326' title='bbox 1687 2596 1906 2622; x_wconf 86' lang='lat' dir='ltr'><strong>excommu-</strong></span> 
     </span>
     <span class='ocr_line' id='line_1_32' title="bbox 258 2649 1903 2697; baseline 0 -13"><span class='ocrx_word' id='word_1_327' title='bbox 258 2649 467 2685; x_wconf 84' lang='lat' dir='ltr'><strong>nicationis</strong></span> <span class='ocrx_word' id='word_1_328' title='bbox 487 2649 644 2696; x_wconf 88' lang='lat' dir='ltr'><strong>majoris</strong></span> <span class='ocrx_word' id='word_1_329' title='bbox 664 2651 872 2696; x_wconf 86' lang='lat' dir='ltr'><strong>praecepit,</strong></span> <span class='ocrx_word' id='word_1_330' title='bbox 896 2661 943 2686; x_wconf 90' lang='lat' dir='ltr'><strong>ne</strong></span> <span class='ocrx_word' id='word_1_331' title='bbox 971 2651 1054 2688; x_wconf 90' lang='lat' dir='ltr'><strong>sine</strong></span> <span class='ocrx_word' id='word_1_332' title='bbox 1082 2651 1205 2697; x_wconf 89' lang='lat' dir='ltr'><strong>ipsius</strong></span> <span class='ocrx_word' id='word_1_333' title='bbox 1231 2660 1481 2687; x_wconf 89' lang='lat' dir='ltr'><strong>consensu....</strong></span> <span class='ocrx_word' id='word_1_334' title='bbox 1512 2650 1761 2696; x_wconf 89' lang='lat' dir='ltr'><strong>collegium...</strong></span> <span class='ocrx_word' id='word_1_335' title='bbox 1783 2649 1903 2696; x_wconf 82' lang='lat' dir='ltr'><strong>erige-</strong></span> 
     </span>
     <span class='ocr_line' id='line_1_33' title="bbox 257 2712 1907 2759; baseline 0.001 -12"><span class='ocrx_word' id='word_1_336' title='bbox 257 2715 405 2748; x_wconf 76' lang='lat' dir='ltr'><strong>rent...»</strong></span> <span class='ocrx_word' id='word_1_337' title='bbox 437 2712 540 2747; x_wconf 86' lang='lat' dir='ltr'><strong>Vide</strong></span> <span class='ocrx_word' id='word_1_338' title='bbox 562 2713 702 2749; x_wconf 86' lang='lat' dir='ltr'><strong>locum.</strong></span> <span class='ocrx_word' id='word_1_339' title='bbox 739 2712 854 2748; x_wconf 88' lang='lat' dir='ltr'><strong>Plura</strong></span> <span class='ocrx_word' id='word_1_340' title='bbox 884 2724 977 2749; x_wconf 91' lang='lat' dir='ltr'><strong>vero</strong></span> <span class='ocrx_word' id='word_1_341' title='bbox 1009 2714 1154 2750; x_wconf 89' lang='lat' dir='ltr'><strong>habent</strong></span> <span class='ocrx_word' id='word_1_342' title='bbox 1185 2714 1232 2750; x_wconf 92' lang='lat' dir='ltr'><strong>de</strong></span> <span class='ocrx_word' id='word_1_343' title='bbox 1268 2713 1342 2749; x_wconf 86' lang='lat' dir='ltr'><strong>hac</strong></span> <span class='ocrx_word' id='word_1_344' title='bbox 1371 2713 1457 2759; x_wconf 87' lang='lat' dir='ltr'><strong>ipsa</strong></span> <span class='ocrx_word' id='word_1_345' title='bbox 1489 2723 1529 2749; x_wconf 91' lang='lat' dir='ltr'><strong>re</strong></span> <span class='ocrx_word' id='word_1_346' title='bbox 1563 2713 1665 2749; x_wconf 89' lang='lat' dir='ltr'><strong>idern</strong></span> <span class='ocrx_word' id='word_1_347' title='bbox 1698 2717 1833 2749; x_wconf 84' lang='lat' dir='ltr'><strong>auctor</strong></span> <span class='ocrx_word' id='word_1_348' title='bbox 1868 2713 1907 2748; x_wconf 89' lang='lat' dir='ltr'><strong>in</strong></span> 
     </span>
     <span class='ocr_line' id='line_1_34' title="bbox 258 2771 1907 2823; baseline 0.002 -14"><span class='ocrx_word' id='word_1_349' title='bbox 258 2774 333 2810; x_wconf 92' lang='lat' dir='ltr'><strong>vol.</strong></span> <span class='ocrx_word' id='word_1_350' title='bbox 354 2782 413 2817; x_wconf 86' lang='lat' dir='ltr'><strong>VI,</strong></span> <span class='ocrx_word' id='word_1_351' title='bbox 435 2775 483 2810; x_wconf 85' lang='lat' dir='ltr'><strong>ad</strong></span> <span class='ocrx_word' id='word_1_352' title='bbox 504 2785 648 2813; x_wconf 88' lang='lat' dir='ltr'><strong>annum</strong></span> <span class='ocrx_word' id='word_1_353' title='bbox 672 2775 793 2822; x_wconf 87' lang='lat'><strong>1556,</strong></span> <span class='ocrx_word' id='word_1_354' title='bbox 817 2778 854 2810; x_wconf 87' lang='lat' dir='ltr'><strong>et</strong></span> <span class='ocrx_word' id='word_1_355' title='bbox 875 2775 1093 2823; x_wconf 80' lang='lat' dir='ltr'>ALCAZAR,</span> <span class='ocrx_word' id='word_1_356' title='bbox 1119 2772 1412 2821; x_wconf 66' lang='lat' dir='ltr'><strong>Chronohist„</strong></span> <span class='ocrx_word' id='word_1_357' title='bbox 1437 2776 1541 2821; x_wconf 86' lang='lat' dir='ltr'><strong>apud</strong></span> <span class='ocrx_word' id='word_1_358' title='bbox 1564 2772 1724 2814; x_wconf 75' lang='lat' dir='ltr'><strong>cartas</strong></span> <span class='ocrx_word' id='word_1_359' title='bbox 1745 2772 1798 2812; x_wconf 86' lang='lat' dir='ltr'><strong>de</strong></span> <span class='ocrx_word' id='word_1_360' title='bbox 1817 2771 1907 2813; x_wconf 81' lang='lat' dir='ltr'><strong>San</strong></span> 
     </span>
     <span class='ocr_line' id='line_1_35' title="bbox 259 2832 1906 2886; baseline 0.001 -14"><span class='ocrx_word' id='word_1_361' title='bbox 259 2832 453 2886; x_wconf 79' lang='lat' dir='ltr'><strong>Ignacz&#39;O,</strong></span> <span class='ocrx_word' id='word_1_362' title='bbox 474 2840 499 2873; x_wconf 88' lang='lat' dir='ltr'><strong>t.</strong></span> <span class='ocrx_word' id='word_1_363' title='bbox 521 2845 579 2882; x_wconf 91' lang='lat' dir='ltr'><strong>V1,</strong></span> <span class='ocrx_word' id='word_1_364' title='bbox 601 2848 689 2883; x_wconf 85' lang='lat' dir='ltr'><strong>pag.</strong></span> <span class='ocrx_word' id='word_1_365' title='bbox 712 2837 791 2884; x_wconf 89' lang='lat'><strong>654</strong></span> <span class='ocrx_word' id='word_1_366' title='bbox 811 2841 848 2873; x_wconf 86' lang='lat' dir='ltr'><strong>et</strong></span> <span class='ocrx_word' id='word_1_367' title='bbox 868 2848 977 2885; x_wconf 86' lang='lat' dir='ltr'><strong>seqq.</strong></span> <span class='ocrx_word' id='word_1_368' title='bbox 1003 2838 1260 2875; x_wconf 90' lang='lat' dir='ltr'><strong>‹Fundacion</strong></span> <span class='ocrx_word' id='word_1_369' title='bbox 1287 2838 1350 2874; x_wconf 92' lang='lat' dir='ltr'><strong>del</strong></span> <span class='ocrx_word' id='word_1_370' title='bbox 1377 2837 1540 2885; x_wconf 90' lang='lat' dir='ltr'><strong>Colegio</strong></span> <span class='ocrx_word' id='word_1_371' title='bbox 1561 2838 1610 2874; x_wconf 90' lang='lat' dir='ltr'><strong>de</strong></span> <span class='ocrx_word' id='word_1_372' title='bbox 1633 2838 1807 2884; x_wconf 67' lang='lat' dir='ltr'><strong>Ocar‘la»,</strong></span> <span class='ocrx_word' id='word_1_373' title='bbox 1829 2848 1906 2884; x_wconf 85' lang='lat' dir='ltr'><strong>quo</strong></span> 
     </span>
     <span class='ocr_line' id='line_1_36' title="bbox 258 2897 1906 2946; baseline 0.002 -13"><span class='ocrx_word' id='word_1_374' title='bbox 258 2898 297 2933; x_wconf 89' lang='lat' dir='ltr'><strong>in</strong></span> <span class='ocrx_word' id='word_1_375' title='bbox 318 2902 514 2944; x_wconf 87' lang='lat' dir='ltr'><strong>postremo</strong></span> <span class='ocrx_word' id='word_1_376' title='bbox 535 2909 652 2946; x_wconf 88' lang='lat' dir='ltr'><strong>opere</strong></span> <span class='ocrx_word' id='word_1_377' title='bbox 674 2900 880 2945; x_wconf 86' lang='lat' dir='ltr'><strong>desumpta</strong></span> <span class='ocrx_word' id='word_1_378' title='bbox 900 2904 989 2937; x_wconf 87' lang='lat' dir='ltr'><strong>sunt</strong></span> <span class='ocrx_word' id='word_1_379' title='bbox 1009 2911 1057 2937; x_wconf 86' lang='lat' dir='ltr'><strong>ex</strong></span> <span class='ocrx_word' id='word_1_380' title='bbox 1093 2897 1231 2939; x_wconf 83' lang='lat' dir='ltr'><strong>Varia</strong></span> <span class='ocrx_word' id='word_1_381' title='bbox 1258 2897 1444 2938; x_wconf 79' lang='lat' dir='ltr'><strong>ln‘storia</strong></span> <span class='ocrx_word' id='word_1_382' title='bbox 1473 2901 1600 2936; x_wconf 87' lang='lat' dir='ltr'><strong>edicta</strong></span> <span class='ocrx_word' id='word_1_383' title='bbox 1625 2900 1906 2946; x_wconf 85' lang='lat' dir='ltr'><strong>archiepiscopi</strong></span> 
     </span>
     <span class='ocr_line' id='line_1_37' title="bbox 258 2960 1905 3009; baseline 0.001 -14"><span class='ocrx_word' id='word_1_384' title='bbox 258 2960 419 2996; x_wconf 83' lang='lat' dir='ltr'><strong>toletani</strong></span> <span class='ocrx_word' id='word_1_385' title='bbox 441 2961 594 3007; x_wconf 90' lang='lat' dir='ltr'><strong>aliaque</strong></span> <span class='ocrx_word' id='word_1_386' title='bbox 615 2961 872 2998; x_wconf 85' lang='lat' dir='ltr'><strong>instrumenta</strong></span> <span class='ocrx_word' id='word_1_387' title='bbox 893 2963 944 2998; x_wconf 89' lang='lat' dir='ltr'><strong>ad</strong></span> <span class='ocrx_word' id='word_1_388' title='bbox 964 2973 1044 2998; x_wconf 87' lang='lat' dir='ltr'><strong>rem</strong></span> <span class='ocrx_word' id='word_1_389' title='bbox 1065 2961 1561 3009; x_wconf 57' lang='lat' dir='ltr'><strong>spectantia—Caeterum</strong></span> <span class='ocrx_word' id='word_1_390' title='bbox 1576 2963 1623 2998; x_wconf 89' lang='lat' dir='ltr'><strong>de</strong></span> <span class='ocrx_word' id='word_1_391' title='bbox 1641 2962 1783 3008; x_wconf 85' lang='lat' dir='ltr'><strong>officio,</strong></span> <span class='ocrx_word' id='word_1_392' title='bbox 1801 2963 1905 3009; x_wconf 87' lang='lat' dir='ltr'><strong>quod</strong></span> 
     </span>
     <span class='ocr_line' id='line_1_38' title="bbox 257 3022 1903 3075; baseline 0.001 -16"><span class='ocrx_word' id='word_1_393' title='bbox 257 3022 401 3059; x_wconf 89' lang='lat' dir='ltr'><strong>Rornae</strong></span> <span class='ocrx_word' id='word_1_394' title='bbox 422 3023 640 3071; x_wconf 77' lang='lat' dir='ltr'><strong>Calatayud</strong></span> <span class='ocrx_word' id='word_1_395' title='bbox 659 3024 828 3061; x_wconf 88' lang='lat' dir='ltr'><strong>habebat</strong></span> <span class='ocrx_word' id='word_1_396' title='bbox 855 3023 979 3075; x_wconf 91' lang='lat' dir='ltr'><strong>(quod</strong></span> <span class='ocrx_word' id='word_1_397' title='bbox 1007 3025 1306 3062; x_wconf 88' lang='lat' dir='ltr'><strong>sollicitatorum</strong></span> <span class='ocrx_word' id='word_1_398' title='bbox 1339 3024 1456 3061; x_wconf 87' lang='lat' dir='ltr'><strong>etiam</strong></span> <span class='ocrx_word' id='word_1_399' title='bbox 1486 3024 1657 3061; x_wconf 85' lang='lat' dir='ltr'><strong>officium</strong></span> <span class='ocrx_word' id='word_1_400' title='bbox 1687 3025 1903 3070; x_wconf 74' lang='lat' dir='ltr'><strong>dicebatur,</strong></span> 
     </span>
     <span class='ocr_line' id='line_1_39' title="bbox 257 3083 1903 3137; baseline 0.001 -16"><span class='ocrx_word' id='word_1_401' title='bbox 257 3086 586 3132; x_wconf 87' lang='lat' dir='ltr'><strong>quemadmodum</strong></span> <span class='ocrx_word' id='word_1_402' title='bbox 607 3087 883 3124; x_wconf 87' lang='lat' dir='ltr'><strong>sollicitatores</strong></span> <span class='ocrx_word' id='word_1_403' title='bbox 904 3088 1196 3134; x_wconf 85' lang='lat' dir='ltr'><strong>expeditionum</strong></span> <span class='ocrx_word' id='word_1_404' title='bbox 1222 3087 1261 3122; x_wconf 89' lang='lat' dir='ltr'><strong>in</strong></span> <span class='ocrx_word' id='word_1_405' title='bbox 1288 3097 1448 3123; x_wconf 91' lang='lat' dir='ltr'><strong>romana</strong></span> <span class='ocrx_word' id='word_1_406' title='bbox 1478 3087 1585 3123; x_wconf 89' lang='lat' dir='ltr'><strong>curia</strong></span> <span class='ocrx_word' id='word_1_407' title='bbox 1591 3083 1819 3137; x_wconf 62' lang='lat' dir='ltr'><strong>janzszzerz&#39;</strong></span> <span class='ocrx_word' id='word_1_408' title='bbox 1838 3097 1903 3133; x_wconf 78' lang='lat' dir='ltr'><strong>ap·</strong></span> 
     </span>
     <span class='ocr_line' id='line_1_40' title="bbox 259 3147 1635 3199; baseline 0.002 -15"><span class='ocrx_word' id='word_1_409' title='bbox 259 3147 537 3199; x_wconf 88' lang='lat' dir='ltr'><strong>pellabantur),</strong></span> <span class='ocrx_word' id='word_1_410' title='bbox 560 3159 676 3196; x_wconf 89' lang='lat' dir='ltr'><strong>supra</strong></span> <span class='ocrx_word' id='word_1_411' title='bbox 696 3149 859 3196; x_wconf 88' lang='lat' dir='ltr'><strong>egimus,</strong></span> <span class='ocrx_word' id='word_1_412' title='bbox 881 3150 1090 3196; x_wconf 85' lang='lat' dir='ltr'><strong>POLANCO,</strong></span> <span class='ocrx_word' id='word_1_413' title='bbox 1112 3153 1139 3187; x_wconf 85' lang='lat' dir='ltr'><strong>t.</strong></span> <span class='ocrx_word' id='word_1_414' title='bbox 1158 3157 1203 3197; x_wconf 86' lang='lat' dir='ltr'><strong>V,</strong></span> <span class='ocrx_word' id='word_1_415' title='bbox 1222 3159 1312 3196; x_wconf 89' lang='lat' dir='ltr'><strong>pag.</strong></span> <span class='ocrx_word' id='word_1_416' title='bbox 1335 3157 1424 3198; x_wconf 82' lang='lat'>554,</span> <span class='ocrx_word' id='word_1_417' title='bbox 1448 3153 1578 3187; x_wconf 88' lang='lat' dir='ltr'><strong>annot.</strong></span> <span class='ocrx_word' id='word_1_418' title='bbox 1599 3160 1635 3195; x_wconf 87' lang='lat'><strong>4.</strong></span> 
     </span>
    </p>
   </div>
  </div>
 </body>
</html>
