2008 3510
310 256 386 307 716
779 252 1013 291 prs’roLAE
1042 253 1374 304 Mutua—1295

255 362 509 419 instaurari,
536 377 681 425 neque
705 359 951 424 quicquam
976 360 1148 424 gratius
1172 359 1377 419 habebit,
1395 377 1533 424 quam
1553 376 1599 406 se
1624 359 1669 406 in
1689 377 1743 406 eo
1762 360 1890 407 adiu-

255 438 367 485 uari.
394 437 480 483 Sed
505 446 550 481 et
574 452 598 480 a
623 434 754 480 nobis
777 433 992 480 omnibus
1011 450 1151 497 opera
1174 433 1372 491 dabitur,
1397 445 1449 480 ut
1471 450 1610 498 quam
1635 445 1685 480 tu
1710 433 1754 480 in
1777 434 1889 481 hanc

254 529 351 559 rem
377 509 654 574 impenderis
677 508 981 573 diligentiam,
1008 525 1100 555 non
1126 509 1242 555 male
1274 520 1354 555 aut
1382 509 1427 555 in
1460 509 1662 572 ingratos
1693 508 1890 572 positam

254 604 346 634 esse
373 585 596 650 intelligas
617 583 648 631 ¹.
679 584 823 646 Quod
848 594 1068 648 superest,
1095 585 1251 631 Deum
1277 600 1449 648 precor,
1469 596 1521 630 ut
1540 595 1583 630 te
1606 584 1652 630 in
1674 584 1759 630 hoe
1780 585 1887 631 noui

254 661 358 708 anni
383 660 583 724 auspicio
608 670 653 705 et
677 675 815 723 quam
841 659 1093 705 diutissime
1117 659 1392 706 incolumem
1418 671 1463 705 et
1482 657 1689 706 foelicem
1709 675 1890 706 conser-

254 747 343 784 uet.
387 736 495 783 Dat.
531 735 772 798 Augustae
804 733 1155 780 Vindelicorum
1185 733 1330 797 pridie
1364 733 1646 798 Epiphanias
1679 734 1887 792 Domini,

254 828 375 857 anno
401 827 456 859 M.
486 826 531 858 D.
560 825 639 868 1.1.,

782 874 1100 931 anucms,
1129 874 1388 938 Episcopus
1412 875 1691 938 AeystensiS.

318 978 571 1039 Inscriptio:
610 975 734 1023 Rdo.
761 975 883 1022 Patri
910 986 955 1022 et
978 976 1241 1022 doctissimo
1266 976 1379 1034 viro,
1405 975 1586 1039 Ignatio
1609 975 1666 1023 de
1694 976 1887 1039 Loyola,

253 1051 485 1099 Societatis
510 1049 707 1097 nominis
729 1050 842 1111 jesu
866 1050 1126 1114 praeposito
1156 1050 1369 1114 generali,
1404 1051 1599 1108 Romae,
1635 1050 1780 1097 amico
1804 1067 1888 1097 suo

252 1125 483 1173 sinceriter
501 1123 681 1172 dilecto.

1007 1266 1035 1298 1
1044 1264 1150 1300 295

686 1360 1054 1397 MAGISTRATUS
1086 1359 1455 1397 GERUNDENSES

574 1455 786 1502 PATRI
822 1455 1114 1503 IGNATIO
1149 1456 1244 1503 DE
1281 1456 1569 1503 LOYOLA

725 1559 921 1587 GERUNDA
956 1560 1001 1600 15
1031 1560 1215 1596 JANUARn
1249 1560 1344 1599 1551
1377 1546 1408 1586 ².

309 1656 447 1692 Virum
469 1666 488 1692 e
509 1655 718 1703 Societate,
741 1657 995 1704 eumdemque
1016 1657 1341 1704 concionatorem,
1363 1656 1413 1693 ad
1434 1667 1474 1694 se
1495 1657 1593 1693 mitti
1613 1657 1822 1704 postulant.

1052 1762 1083 1813 ,Γ

319 1849 449 1897 Molt
481 1850 605 1897 Rnd.
638 1867 667 1914 y
701 1850 952 1914 magnifich
985 1856 1134 1900 sefior.
1174 1852 1351 1899 Encara
1381 1868 1471 1916 que
1504 1862 1621 1898 totas
1659 1852 1721 1898 las
1762 1870 1886 1900 cosas

249 1923 532 1971 consernints
578 1923 618 1970 al
661 1924 752 1971 bon
795 1925 1021 1989 regiment
1061 1927 1118 1973 de
1158 1938 1344 1990 aquesta
1384 1925 1638 1990 reptiblica,
1677 1927 1717 1973 al
1757 1927 1883 1991 qual,

250 1999 376 2046 iatsia
400 1998 711 2056 insufficients‚
736 2000 967 2063 presidim,
1005 2001 1175 2067 desijan
1210 2002 1354 2065 poder
1385 2001 1662 2060 encaminar3
1686 2002 1884 2066 aquellas

249 2090 438 2139 empero
463 2091 557 2121 mes
582 2074 816 2121 viuament
839 2075 982 2122 tenim
1008 2076 1049 2123 al
1072 2092 1167 2134 cor,
1193 2092 1281 2140 que
1308 2092 1401 2122 mes
1425 2075 1726 2123 directament
1749 2087 1880 2123 tocan

249 2151 275 2197 a
298 2148 340 2195 la
364 2148 511 2195 honra
534 2148 689 2195 diuina
713 2166 740 2212 y
767 2149 910 2196 maior
934 2150 1101 2197 vtilitat
1125 2151 1181 2198 de
1206 2150 1268 2197 las
1292 2151 1477 2198 animas.

314 2223 440 2270 Poch
467 2223 527 2270 ha
549 2239 648 2270 som
673 2233 783 2270 stats
813 2222 1055 2271 informats
1078 2225 1135 2271 de
1168 2224 1210 2271 la
1241 2241 1355 2289 gran
1389 2224 1694 2271 misericordia
1724 2241 1814 2288 que
1839 2224 1882 2271 lo
1912 2267 1916 2270 .

248 2298 392 2345 Sefior
416 2314 441 2343 a
464 2297 505 2343 la
529 2314 609 2344 sua
633 2297 770 2360 vinya
795 2298 853 2344 ha
877 2297 981 2356 feta,
1007 2299 1194 2345 enuiant
1218 2316 1333 2346 nous
1356 2298 1635 2346 cultiuadors
1658 2315 1739 2362 per
1762 2298 1881 2346 acul-

248 2372 365 2418 tiuar
388 2371 580 2436 aquella,
606 2371 834 2418 instituint
857 2389 938 2436 per
971 2385 1129 2437 aquest
1152 2373 1311 2420 effecte
1342 2373 1383 2420 la
1413 2390 1533 2420 noua
1558 2374 1828 2436 Companya
1853 2390 1879 2436 y

247 2446 423 2510 religio,
448 2462 538 2510 que
563 2462 643 2509 per
667 2446 787 2492 medi
813 2446 869 2493 de
896 2447 955 2494 V.
983 2447 1034 2494 P.
1063 2447 1121 2493 ha
1146 2447 1392 2504 instituida3
1426 2465 1528 2494 cosa
1552 2448 1609 2495 de
1634 2447 1674 2494 la
1697 2447 1794 2494 cual
1821 2465 1881 2494 no

247 2521 337 2565 sols
361 2520 427 2566 los
451 2519 705 2578 christians,
732 2536 844 2583 pero
869 2531 938 2567 tot
967 2521 1011 2567 lo
1037 2521 1222 2567 vniuers
1254 2521 1343 2568 deu
1378 2522 1491 2568 molt
1523 2521 1746 2586 alegrarse
1771 2539 1799 2584 y
1824 2521 1880 2568 ab

248 2611 362 2658 gran
380 2594 603 2659 jubilaci6
633 2594 856 2658 regraciar
886 2595 1001 2642 molt
1025 2596 1063 2642 al
1088 2595 1242 2653 Sefior,
1269 2613 1355 2660 pus
1384 2612 1452 2643 ses
1478 2596 1641 2660 volgut
1670 2596 1881 2643 recordar

303 2748 316 2773 ¹
371 2751 581 2798 Rescripsit
602 2751 661 2788 his
687 2750 824 2788 litteris
851 2752 1039 2799 Ignatius,
1063 2763 1110 2799 23
1139 2752 1336 2789 Februarii
1363 2760 1475 2800 1551:
1504 2762 1732 2798 responsum
1759 2752 1880 2789 habes

248 2813 288 2848 in
310 2809 481 2861 Cartas,
503 2817 529 2849 t.
550 2821 598 2859 11,
625 2823 712 2859 pag.
735 2821 807 2861 451
834 2818 870 2850 et
895 2825 985 2861 301.
1007 2815 1107 2851 Vide
1129 2815 1243 2851 etiarn
1265 2825 1360 2861 quas
1381 2816 1481 2851 idem
1505 2814 1590 2851 Jaio
1619 2815 1742 2860 dedit,
1764 2811 1878 2861 ibid„
1932 2863 1935 2865 ‚

246 2885 334 2921 pag.
358 2883 433 2922 452
463 2879 501 2911 et
526 2875 743 2922 303.—De
765 2876 848 2921 ipso
869 2887 959 2912 vero
987 2877 1187 2923 Mauritio,
1209 2876 1391 2923 episcopo
1416 2876 1662 2923 eystettensi,
1685 2880 1798 2922 atque
1825 2876 1879 2912 in-

248 2939 521 2984 golstadiensis
548 2939 769 2976 academiae
796 2939 1047 2983 cancellario,
1076 2940 1168 2976 alibi
1197 2940 1298 2975 haud
1328 2940 1446 2976 semel
1478 2940 1638 2985 egimus.
1669 2939 1877 2986 POLANCO,

249 3004 274 3036 t.
295 3009 337 3045 v,
359 3011 444 3047 pag.
473 3002 560 3047 260,
583 3012 617 3039 n.
641 3003 729 3048 728,
752 3006 879 3039 annot.
905 3011 938 3048 2;
961 3006 985 3038 t.
1008 3011 1066 3049 Vl,
1088 3013 1174 3048 pag.
1198 3003 1288 3050 398,
1310 3013 1344 3039 n.
1372 3012 1483 3049 1701,
1511 3011 1624 3048 1702.

301 3060 317 3086 2
373 3063 429 3099 Ex
462 3064 639 3111 originali
674 3065 711 3100 in
742 3066 818 3101 vol.
853 3062 988 3115 Epist.
1024 3063 1383 3111 communitatum,
1417 3064 1560 3111 duplici
1594 3063 1705 3111 folio,
1741 3074 1778 3100 n.
1817 3074 1877 3110 10,

249 3135 355 3173 prius
375 3135 466 3175 373.
