2066 3516
312 309 386 337 102
775 298 1014 338 EPISToLAE
1044 300 1378 338 Murus—1066

253 416 366 452 runt
397 406 442 451 in
475 406 570 451 eius
607 405 842 469 sepultura
881 405 1158 463 sacerdotes,
1200 406 1279 470 qui
1319 405 1606 453 celebrarunt
1640 424 1725 471 pro
1758 407 1907 472 ipsius

253 481 418 527 anima.
441 481 603 527 Pastor
627 497 857 526 summam
885 481 1084 540 missam,
1110 481 1181 527 alii
1206 482 1301 527 duo
1324 481 1549 529 submissa
1572 500 1698 531 voce.

630 617 858 679 Expensae
882 613 1037 679 factae
1072 619 1118 663 in
1152 619 1245 664 eius
1278 619 1523 680 sepultura.

252 717 397 757 Primo
418 730 495 769 pro
515 717 749 766 asseribus,
780 718 930 769 quibus
955 718 1068 758 facta
1095 718 1174 758 fuit
1200 719 1364 757 cassula
1391 718 1612 767 funeralis,
1644 719 1686 759 in
1709 732 1791 770 qua

305 785 367 818 est
387 780 586 819 inclusus:
609 781 715 820 solvi
736 781 852 820 albos
855 811 1784 824 ...................................
1847 797 1905 836 37

250 842 336 881 Pro
367 854 450 880 vno
483 842 742 883 linteamine.
778 844 963 883 Patrona
1003 844 1106 883 fecit
1144 844 1440 883 elemosinam:
1479 850 1642 884 tantum
1682 845 1789 884 solvi

304 905 422 943 albos
441 934 1784 949 ..................................................
1875 920 1901 959 7

251 967 335 1006 Pro
357 967 437 1017 his,
461 969 531 1018 qui
552 968 743 1008 fecerunt
763 967 942 1008 fossam:
965 970 1082 1009 albos
1092 998 1781 1012 ..........................
1873 972 1904 1009 6

250 1029 334 1069 Pro
354 1042 492 1077 curru,
514 1030 556 1069 in
579 1043 661 1081 quo
682 1029 762 1069 fuit
780 1043 933 1082 corpus
948 1031 1131 1071 delatum
1149 1032 1201 1071 ad
1222 1032 1504 1083 parrochiam,
1528 1046 1633 1084 quae
1653 1033 1790 1072 dista-

303 1091 374 1131 bat
395 1091 534 1130 medio
555 1093 707 1132 miliari
728 1094 970 1144 germanico
991 1108 1013 1133 a
1036 1107 1145 1146 pago
1168 1095 1236 1134 ubi
1257 1095 1396 1134 emisit
1417 1095 1627 1146 spiritum:
1653 1095 1785 1136 albos.
1872 1097 1902 1135 8

250 1156 334 1194 Pro
351 1155 610 1202 mulieribus,
629 1168 735 1206 quae
752 1156 855 1195 mihi
871 1169 994 1208 opem
1012 1158 1196 1196 tulerunt
1211 1158 1455 1209 sepeliendo
1471 1171 1637 1209 corpus:
1654 1158 1786 1199 albos.
1871 1173 1898 1210 3.

250 1219 334 1257 Pro
354 1217 653 1264 sacerdotibus,
677 1218 747 1268 qui
766 1219 1030 1258 celebrarunt
1049 1232 1126 1270 pro
1147 1221 1287 1259 anima
1310 1220 1458 1271 ipsius:
1480 1221 1598 1259 albos
1608 1250 1781 1262 .......
1847 1234 1900 1260 12

250 1281 334 1319 Pro
356 1282 527 1320 custode
547 1289 589 1320 et
609 1296 685 1333 pro
702 1283 782 1330 his,
806 1296 913 1333 quae
933 1283 1127 1322 lauarunt
1146 1282 1392 1322 linteamina
1405 1314 1413 1330 ,
1435 1283 1478 1322 in
1499 1283 1649 1333 quibus
1668 1296 1784 1322 mor-

303 1349 398 1382 tuus
419 1349 495 1383 est:
517 1344 633 1383 albos
635 1373 1780 1387 ...........................................
1848 1358 1903 1384 10

249 1406 334 1446 Pro
355 1419 419 1454 e0‚
444 1407 514 1457 qui
533 1408 649 1446 venit
669 1421 834 1447 mecum
856 1408 908 1446 ad
928 1407 1186 1447 sacerdotem
1203 1407 1246 1446 in
1266 1408 1528 1458 crepusculo,
1551 1414 1592 1446 et
1612 1421 1690 1459 pro
1710 1409 1784 1455 eis,

305 1470 375 1520 qui
407 1470 696 1509 custodierunt
728 1483 902 1522 corpus,
932 1476 973 1510 et
999 1484 1076 1522 pro
1102 1470 1380 1510 familiaribus
1413 1470 1582 1522 domus,
1613 1470 1684 1521 qui
1712 1484 1789 1509 nos
1874 1523 1879 1527 ῃ

302 1531 541 1572 humaniter
560 1538 806 1572 tractarunt:
830 1533 947 1572 albos
957 1562 1780 1579 ...............................
1848 1547 1896 1573 12

249 1596 333 1635 Pro
353 1595 585 1635 offertoriis
603 1601 646 1634 et
666 1609 741 1646 pro
761 1595 970 1634 candelis:
993 1596 1111 1635 albos
1121 1624 1617 1637 ...................
1632 1594 1635 1596 ’
1635 1625 1781 1638 ......
1871 1598 1901 1635 6

248 1659 405 1700 Omnia
424 1659 529 1698 haec
548 1660 779 1698 ascendunt
799 1660 851 1699 ad
873 1659 978 1699 duos
997 1660 1162 1699 daleros
1181 1673 1275 1699 cum
1296 1660 1484 1700 dimidio.

316 1776 516 1833 Cuncta,
541 1793 658 1840 quae
684 1775 901 1834 habebat,
928 1776 1051 1823 Patri
1080 1776 1328 1823 Leonardo
1353 1776 1504 1834 retuli,
1532 1788 1577 1824 et
1600 1777 1780 1842 reliqui,
1811 1795 1894 1825 ex-

250 1851 393 1914 ceptis
419 1850 591 1914 calligis
616 1849 909 1897 inferioribus
933 1851 1113 1915 grizeis,
1141 1869 1255 1915 quas
1279 1851 1462 1899 cuidam
1495 1852 1686 1916 pauperi
1713 1853 1902 1917 leproso

251 1927 384 1984 dedi,
416 1938 468 1973 vt
498 1927 656 1973 Deum
688 1937 839 1972 oraret
870 1943 954 1989 pro
986 1926 1137 1972 anima
1167 1925 1389 1974 defuncti.
1423 1927 1625 1985 Omnia,
1658 1944 1775 1992 quae
1805 1945 1900 1991 ego

248 1999 333 2048 feci
360 2013 406 2048 et
428 2001 567 2060 solui,
595 2000 783 2048 consilio
808 2001 1002 2063 pastoris
1039 2017 1146 2046 vsus
1178 2017 1305 2060 sum,
1331 2017 1424 2047 non
1450 2017 1674 2064 pompose
1700 2001 1780 2049 sed
1804 2002 1894 2048 ho-

249 2086 389 2134 neste,
416 2075 472 2122 ad
497 2075 587 2121 Dei
611 2074 807 2139 gloriam
833 2085 879 2121 et
902 2075 1095 2121 salutem
1121 2075 1299 2121 animae
1322 2092 1444 2123 suae.

314 2150 460 2212 Quod
485 2161 714 2213 superest,
749 2149 927 2211 scripsit
961 2149 1012 2196 P.
1044 2149 1330 2196 Leonardus.
1364 2149 1479 2196 Vale
1512 2149 1558 2195 in
1592 2149 1691 2208 X.⁰‚
1718 2149 1782 2196 mi
1808 2150 1894 2196 Pa-

248 2236 317 2272 ter
340 2225 460 2272 Rde.
482 2224 602 2271 Tuis
622 2222 863 2269 sacrifficiis
882 2223 894 2248 ¹
920 2240 991 2269 me
1008 2223 1551 2291 humiliter'commendo.
1577 2224 1773 2290 Louanij
1799 2229 1900 2273 21.ἔξ

250 2298 362 2361 9.bris
392 2315 513 2346 anno
545 2311 681 2361 1555.
708 2297 766 2345 V.
797 2299 857 2345 R.
887 2298 939 2345 P.
969 2314 1144 2356 seruus,

795 2383 1072 2427 ANSELMUS
1109 2380 1342 2427 GERARm
1381 2399 1411 2427 A
1450 2381 1692 2428 CUSTINO.

314 2474 568 2537 Inscriptio:
595 2475 628 2535 ’ἶ-
655 2473 783 2521 Rd0.
809 2473 855 2519 in
874 2473 959 2520 X.⁰
983 2473 1052 2530 Ρ.,
1084 2473 1157 2519 M.
1185 2472 1368 2536 Ignatio
1394 2472 1452 2518 de
1477 2472 1673 2535 Loyola,
1700 2489 1898 2536 praepo-

248 2547 336 2594 sito
361 2548 558 2611 generali
587 2547 819 2594 Societatis
842 2547 966 2607 Jesu.
998 2547 1196 2593 Romae.

315 2622 425 2668 Alia
448 2638 604 2669 manu:
649 2634 782 2684 1555.
813 2620 1040 2668 Louanio.
1073 2619 1135 2665 Di
1169 2619 1397 2666 Anselmo
1424 2619 1471 2665 di
1499 2619 1731 2677 Gerardo,
1761 2634 1814 2666 21
1846 2619 1896 2667 di

250 2696 540 2744 Nouembre.
569 2697 664 2743 R.t2
683 2695 755 2742 alli
788 2711 845 2754 14
867 2695 913 2742 di
946 2694 1069 2741 Dic.e
1102 2694 1220 2740 Dice
1250 2693 1369 2740 della
1403 2706 1552 2740 morte
1576 2694 1623 2740 di
1652 2695 1766 2743 M.‘⁰
1791 2694 1895 2741 Ge—

249 2773 387 2819 rardo
413 2772 605 2818 Brasica.

250 2925 407 2962 tientiae
429 2938 474 2962 ae
500 2926 812 2973 promptissimae
839 2925 1094 2970 obedientiae;
1123 2924 1163 2959 in
1190 2924 1312 2960 tribus
1337 2924 1481 2969 linguis
1502 2928 1539 2960 et
1562 2924 1677 2960 etiam
1699 2924 1738 2960 in
1758 2923 1903 2982 philo-

250 2989 390 3034 sophia
410 2993 446 3025 et
466 2990 665 3036 theologia
685 2989 895 3026 eruditus».
923 2988 1032 3025 Illius
1059 2987 1241 3034 elogium,
1270 2998 1292 3023 a
1318 2987 1359 3023 P.
1379 2986 1517 3023 Kessel
1544 2986 1701 3032 factum,
1730 2986 1899 3023 afferunt

250 3047 352 3088 Litt.
377 3047 556 3098 Quadra,
579 3056 604 3088 t.
626 3060 683 3097 111,
706 3062 795 3098 pag.
818 3060 906 3098 774.

305 3109 320 3135 ¹
375 3112 419 3149 In
451 3114 616 3160 epistola
649 3114 818 3159 edenda,
852 3124 942 3159 nos,
969 3117 1012 3149 ut
1039 3113 1161 3148 lector
1192 3111 1497 3148 animadvertere
1527 3112 1670 3158 potuit,
1698 3112 1895 3148 scribendi

250 3175 454 3222 rationem,
478 3187 499 3211 a
520 3176 682 3212 Gerardi
703 3176 929 3221 adhibitam,
951 3175 1131 3221 religiose
1153 3175 1384 3210 servandam
1412 3185 1496 3211 esse
1518 3175 1838 3212 existimavimus.
