2066 3516
767 260 782 286 1
791 261 812 298 3
845 247 1075 286 FEBRUARH
1107 248 1209 298 1556
1674 258 1747 297 197

169 357 303 413 tiene,
329 372 418 420 que
442 371 503 401 no
527 354 576 401 se
600 353 758 419 quales
783 354 826 401 ni
847 356 1046 419 quantos
1069 371 1164 401 son.
1187 353 1249 400 Al
1276 354 1397 401 Rdo.
1427 354 1478 401 P.
1501 353 1594 400 M.⁰
1613 352 1802 416 Laynez

168 430 568 477 humilimamente
606 445 679 475 me
714 429 1036 488 encomiendo,
1073 446 1102 492 y
1139 429 1247 493 pido
1282 446 1367 492 por
1401 428 1619 476 charidad
1654 428 1803 475 reciba

168 517 282 564 esta,
318 505 383 551 asi
419 521 554 550 como
587 503 651 550 las
681 504 854 562 demas,
880 521 966 568 por
989 521 1136 568 suyas:
1163 521 1190 567 y
1216 504 1254 550 el
1279 504 1549 550 charissimo
1581 504 1803 550 hermano

169 580 386 626 Lorenzo
412 578 612 643 Maggio
638 578 940 636 similmente‚
967 580 992 625 a
1016 579 1154 643 quien
1180 595 1240 624 no
1267 579 1322 624 he
1347 579 1517 641 scripto
1544 578 1587 624 ni
1611 578 1802 635 escriuo,

168 671 266 703 mas
291 655 347 702 de
371 654 831 701 encomendandome
858 653 1027 700 mucho
1058 670 1114 700 en
1138 670 1213 700 sus
1243 653 1494 710 orationes,
1520 670 1546 715 y
1573 652 1804 699 asimismo

168 730 226 776 de
251 729 386 777 todos
412 728 478 775 los
507 729 677 775 demas.
706 729 912 775 Nuestro
944 729 1087 775 Sefior
1112 744 1193 778 nos
1224 727 1283 773 de
1318 727 1358 772 la
1390 726 1630 773 bendicion
1664 727 1721 773 de
1751 744 1804 772 su

168 805 334 852 diestra
365 820 476 867 para
507 821 597 867 que
627 820 684 849 en
710 803 748 850 el
783 820 866 849 nos
896 819 1132 867 gozemOS.
1158 801 1327 847 Amen.
1363 802 1437 846 De
1469 801 1622 847 Milan
1664 816 1716 862 13
1749 802 1806 849 de

171 878 391 925 Hebrero
416 878 473 926 de
505 879 642 941 1556.
669 879 744 925 De
769 879 827 926 V.
856 879 916 926 R.
942 878 1092 924 sieruo
1117 878 1309 940 indigno
1333 893 1389 922 en
1414 876 1511 934 X.⁰‚

837 941 841 944 ’
1126 952 1267 1013 JUAN
1307 967 1367 997 DE
1405 951 1640 998 VITORIA.

236 1046 442 1110 D[eseo]
467 1046 480 1072 ¹
501 1063 631 1093 sauer
653 1046 688 1092 si
712 1045 890 1107 Jacobo
913 1061 987 1092 sea
1010 1045 1219 1103 entrado‚
1240 1061 1264 1107 y
1287 1045 1426 1090 c6rno
1450 1042 1625 1107 prueba
1646 1043 1807 1089 Enrri-

169 1138 244 1178 co,
270 1122 309 1167 el
335 1121 442 1185 qual
466 1132 621 1167 estaua
649 1137 703 1166 en
731 1119 972 1183 probation
1009 1118 1082 1183 [a]
1113 1119 1174 1165 mi
1203 1118 1405 1182 partida,
1436 1129 1542 1165 etc.:
1567 1134 1726 1181 espero
1750 1133 1807 1164 en

169 1196 208 1242 el
235 1196 377 1242 Sefior
400 1211 490 1260 que
514 1194 676 1242 sienta?
707 1193 810 1241 bien
835 1194 895 1241 de
918 1194 1054 1240 todos
1077 1193 1174 1240 dos.

238 1345 493 1407 Inscriptio:
517 1344 619 1405 Jhs.
647 1343 709 1390 Al
735 1360 846 1407 muy
873 1343 992 1391 Rdo.
1019 1343 1065 1390 in
1087 1343 1274 1391 Christo
1301 1342 1466 1401 Padre,
1489 1341 1582 1390 M.⁰
1604 1343 1728 1404 Juan
1752 1342 1810 1390 de

175 1421 395 1479 Polanco,
434 1420 675 1467 secretario
704 1420 761 1466 de
793 1419 831 1464 la
860 1418 1122 1483 Compafiia
1155 1419 1212 1467 de
1243 1418 1403 1480 Jesfis,
1433 1430 1539 1476 etc.,
1564 1434 1620 1464 en
1656 1418 1810 1464 Roma

173 1495 282 1542 Alia
308 1511 456 1542 manu.-
483 1494 579 1541 R.ta
602 1494 672 1540 alli
701 1509 729 1555 9
751 1493 797 1541 di
823 1493 1010 1540 Marzo.

924 1686 1067 1722 Ιθθῦ

691 1775 712 1811 J
716 1774 922 1812 OANNES
950 1774 1019 1811 DE
1046 1775 1290 1812 VICTORIA

470 1863 686 1910 PATRI
733 1862 1034 1910 IGNATIO
1082 1862 1176 1909 DE
1223 1862 1506 1909 LOYOLA

609 1957 851 1984 MEDIOLANO
884 1958 929 1998 13
961 1958 1178 1985 FEBRUARII
1211 1946 1312 1997 1556
1333 1944 1364 1986 2.

171 2038 432 2084 Congressum
459 2036 574 2073 refert
599 2036 792 2083 Victoria,
820 2046 934 2083 quem
960 2036 1095 2073 habuit
1125 2047 1212 2073 cum
1244 2037 1541 2073 tridentinorum
1568 2036 1810 2073 antistite.—

198 2130 201 2133 .
223 2099 378 2136 Amoris
404 2110 450 2136 ac
475 2100 768 2136 benevolentiae
797 2099 1083 2147 signa—Quid
1108 2100 1303 2137 notaverit
1330 2100 1504 2137 Victoria
1525 2100 1564 2136 in
1599 2099 1810 2146 nonnullis,

224 2163 290 2211 qui
314 2163 609 2210 archiepiscopo
628 2168 719 2200 sunt
739 2164 786 2200 ab
807 2163 1018 2210 obsequiis.

979 2267 1001 2302 †
1028 2255 1030 2257 ,

941 2305 1042 2365 Jhs.

236 2398 306 2445 La
328 2415 510 2445 summa
534 2399 684 2462 gracia
708 2417 736 2462 y
761 2416 849 2463 paz
879 2400 936 2447 de
959 2400 1072 2460 Jesu
1103 2398 1410 2446 CHRISTO
1442 2399 1486 2447 S.
1519 2399 1581 2446 N.
1615 2399 1733 2463 haga
1755 2417 1808 2446 su

172 2484 393 2537 perpetua
417 2472 670 2520 habitatic'm
704 2491 759 2520 en
795 2486 1000 2521 nuestras
1035 2474 1222 2520 animas.
1251 2475 1424 2521 Amen.
1456 2473 1716 2521 Hauiendo
1747 2492 1806 2537 oy

173 2548 342 2595 hauido
366 2560 494 2612 grata
518 2549 754 2610 audiencia
777 2549 833 2596 de
858 2554 1106 2596 monsefior
1125 2549 1263 2595 Rmo.
1285 2550 1342 2596 de
1359 2549 1541 2595 Trento
1563 2548 1593 2608 ³,
1618 2567 1676 2596 no
1696 2566 1808 2613 pue-

171 2622 232 2668 do
256 2623 398 2668 dexar
421 2622 478 2669 de
502 2623 685 2679 escriuir
709 2635 822 2681 esta,
847 2624 912 2670 asi
939 2640 1048 2686 para
1078 2623 1217 2669 hazer
1243 2623 1286 2669 lo
1311 2641 1400 2688 que
1425 2623 1469 2671 S.
1497 2624 1541 2671 S.
1570 2624 1706 2670 Rma.
1735 2641 1808 2670 me

173 2697 364 2754 mando,
389 2713 524 2743 como
555 2713 664 2760 para
689 2698 773 2744 dar
796 2710 966 2762 quenta
991 2699 1017 2745 a
1044 2698 1103 2746 V.
1130 2698 1188 2744 R.
1217 2698 1275 2745 de
1301 2698 1345 2745 lo
1370 2715 1460 2762 que
1485 2715 1540 2761 ay
1565 2714 1655 2762 que
1679 2698 1808 2746 dezir

172 2773 366 2835 despues
405 2773 462 2819 de
502 2772 544 2818 la
582 2772 754 2819 vltima.
792 2773 853 2819 Su
887 2773 1068 2820 sefioria
1104 2774 1239 2820 Rma.
1280 2791 1353 2820 me
1398 2774 1537 2820 hauia
1577 2775 1807 2822 mandado

171 2864 279 2911 ayer
303 2864 392 2912 que
423 2864 482 2909 yo
507 2847 697 2894 viniesse
725 2860 818 2895 esta
848 2854 1042 2895 mariana
1072 2851 1098 2895 a
1121 2847 1186 2895 las
1216 2864 1271 2896 12
1298 2850 1452 2907 horas3
1478 2867 1506 2912 y
1534 2866 1715 2914 avnque
1748 2867 1807 2913 yo

227 3002 241 3029 ¹
298 3005 485 3042 Abscissa
505 3006 638 3042 charta
658 3010 727 3044 est.

226 3065 243 3090 2
298 3067 355 3104 Ex
375 3069 614 3114 autographo
638 3069 676 3104 in
696 3068 770 3105 vol.
792 3068 835 3115 F,
858 3068 1001 3115 duplici
1025 3068 1117 3105 folio
1140 3079 1176 3106 n.
1201 3069 1291 3112 206,
1314 3070 1419 3115 prius
1441 3081 1527 3106 111.

228 3127 244 3153 ³
299 3129 598 3178 Christophorus
619 3131 853 3168 Madrucius.
874 3132 975 3168 Vide
997 3132 1183 3179 epistolas
1203 3133 1435 3179 superiores.
