1982 3516
303 240 382 297 448
768 240 1003 284 Epts‘roLAe
1032 239 1278 284 MIXTAE—1
1291 242 1365 284 186

249 351 306 398 de
332 351 528 397 maniera
552 350 635 397 che
659 367 683 396 a
709 351 822 397 uinti
850 367 1054 414 persone,
1084 365 1176 397 220
1200 360 1255 405 Δ
1283 350 1472 405 faranno
1499 352 1526 398 l'
1548 369 1674 416 spesa
1699 350 1725 398 l'
1745 369 1882 413 anno,

250 437 294 471 et
319 426 654 488 agiongeuano,
680 442 704 470 a
730 423 842 471 farla
867 425 1006 489 larga,
1040 440 1095 471 10
1120 430 1175 477 Δ
1200 426 1256 472 de
1282 426 1376 488 piu.
1576 484 1578 486 Ι

317 500 509 561 Quanto
529 499 601 546 alli
629 499 739 556 letti,
764 499 792 545 fi
814 499 1038 546 mulatieri
1059 500 1117 563 gli
1139 499 1427 562 potrebbono
1453 502 1622 564 portar’
1642 501 1686 547 di
1717 502 1883 558 Roma,

248 586 293 634 et
317 574 505 620 sarebbe
530 574 712 637 meglio,
737 585 781 620 et
806 574 886 636 piu
923 591 946 619 a
971 573 1222 637 proposito,
1253 573 1290 619 si
1326 591 1406 636 per
1439 575 1597 620 euitar'
1625 576 1650 620 l’
1677 592 1819 639 spesa,
1844 576 1883 622 si

248 649 384 695 etiam
418 649 608 712 perche,
644 649 867 695 ancorche
898 649 931 695 si
966 648 1255 712 potrebbono
1281 649 1466 707 trouar’,
1486 662 1613 713 parte
1637 667 1661 696 a
1685 651 1883 698 uendere

249 734 375 785 parte
415 740 439 768 a
476 723 712 787 piggione,
748 722 937 769 sarebbe
970 722 1049 786 piu
1088 721 1283 769 fatticca:
1320 735 1365 769 et
1402 740 1483 786 per
1511 724 1581 771 cio
1618 725 1805 771 sarebbe
1836 725 1881 772 di

249 798 443 860 bisogno
468 797 611 843 uenir'
633 814 726 842 uno
752 813 775 842 a
800 808 931 859 posta
956 814 979 842 a
1006 796 1247 860 proueder’
1273 809 1318 843 et
1342 797 1548 861 pigliarli.

315 870 371 918 L'
392 872 604 933 aspettar'
625 883 670 917 et
701 870 804 917 star’
825 888 849 917 a
881 871 1049 928 ueder‘,
1082 882 1181 928 etc.,
1213 888 1293 934 per
1324 883 1461 918 conto
1491 872 1536 918 di
1571 873 1773 919 mandar’
1794 889 1884 937 qua

249 956 398 1010 gente,
425 945 449 990 ἐ
475 945 645 1002 buono;
672 962 744 991 ma
771 945 832 991 ho
851 961 1005 1008 paura,
1035 945 1195 1001 Padre,
1215 945 1297 991 che
1323 945 1450 1008 dipoi
1476 962 1521 991 se
1542 946 1882 993 trouarebbono

248 1020 288 1065 le
311 1037 413 1066 cose
438 1019 518 1082 piu
544 1036 659 1078 care,
684 1030 728 1065 et
753 1019 910 1065 adesso
941 1019 974 1064 si
1009 1017 1349 1064 trouarebbono
1373 1036 1398 1064 a
1430 1019 1574 1065 molto
1607 1019 1732 1066 buon
1759 1037 1881 1067 mer-

220 1105 359 1154 ·cat03
384 1104 429 1139 et
453 1093 480 1139 il
508 1093 617 1139 uino
642 1092 767 1156 quasi
795 1109 875 1156 per
910 1092 1081 1149 niente,
1107 1109 1188 1155 per
1219 1093 1375 1139 esserci
1408 1094 1579 1156 grande
1604 1094 1882 1140 abundantia

246 1167 391 1231 quest'
416 1184 550 1224 anno,
575 1177 620 1213 et
643 1167 689 1214 di
715 1183 904 1229 persone
935 1166 1006 1212 ch'
1027 1166 1180 1212 hanno
1211 1166 1371 1213 adesso
1404 1167 1611 1230 quantita
1635 1167 1680 1213 di
1705 1184 1882 1231 granno

247 1258 327 1305 per
365 1240 550 1288 uender’
578 1258 602 1286 a
643 1241 766 1287 buon
806 1252 1021 1298 mercam,
1059 1251 1104 1286 et
1134 1240 1290 1287 alhora
1322 1258 1411 1287 non
1444 1258 1493 1286 so
1523 1258 1568 1287 se
1602 1242 1635 1287 si
1667 1243 1880 1290 trouaria.

249 1316 356 1377 Qua
380 1332 529 1361 cresce
564 1315 757 1361 tuttauia
790 1314 830 1360 la
862 1326 998 1378 gente
1031 1313 1278 1371 forastici-a,
1308 1315 1389 1361 che
1421 1315 1539 1361 uien’
1559 1315 1602 1361 di
1640 1316 1806 1372 Roma,
1837 1326 1883 1362 et

251 1390 403 1454 primo
428 1389 669 1452 occupanti
695 1389 959 1435 conceditur
985 1389 1118 1435 locus.

314 1464 516 1510 Almeno
552 1464 612 1509 mi
649 1463 869 1526 parrebbe
900 1463 970 1509 ch'
992 1464 1147 1510 adesso
1182 1463 1242 1510 V.
1280 1463 1334 1510 P.
1368 1463 1591 1510 mandassi
1624 1461 1706 1508 far'
1727 1464 1881 1526 proui-

249 1539 374 1585 sione
399 1539 443 1585 di
464 1539 589 1597 uino,
609 1539 691 1584 che
711 1555 791 1601 per
811 1538 1067 1584 uecchezza
1087 1555 1177 1584 non
1196 1538 1235 1584 si
1257 1548 1428 1601 guasta,
1449 1537 1551 1583 anzi
1576 1554 1621 1583 se
1647 1537 1879 1600 megliora3

249 1613 294 1659 di
321 1612 534 1671 maniera,
561 1613 631 1658 ch'
652 1612 873 1658 ancorche
906 1629 995 1675 qua
1027 1629 1117 1657 non
1143 1612 1176 1657 s’
1206 1611 1444 1657 hauessino
1471 1628 1495 1656 a
1519 1611 1723 1656 mandar'
1746 1610 1772 1656 li
1799 1628 1880 1656 no-

248 1686 343 1745 stri,
385 1687 533 1750 potria
574 1686 816 1732 benissimo
856 1687 1013 1732 seruir’
1050 1702 1129 1748 per
1171 1686 1336 1741 Roma,
1370 1696 1414 1731 et
1448 1685 1596 1748 potria
1626 1685 1766 1731 andar
1807 1685 1878 1747 pel

249 1762 446 1819 Tenere,
471 1761 553 1807 che
581 1778 640 1807 no
665 1762 688 1806 ε
712 1761 924 1817 discosto,
945 1774 989 1806 et
1015 1761 1047 1806 si
1075 1759 1258 1805 farebbe
1276 1777 1389 1823 gran
1415 1760 1672 1823 guadagno.
1698 1759 1759 1805 Et
1778 1775 1879 1822 per-

245 1837 329 1883 che
355 1853 446 1899 qua
469 1838 519 1882 ce
551 1836 735 1882 carestia
763 1836 820 1882 de
844 1835 950 1881 bote
979 1836 1125 1899 quest’
1146 1851 1282 1893 anno,
1318 1835 1395 1897 piu
1428 1834 1511 1881 che
1535 1835 1591 1881 de
1621 1834 1746 1891 uino,
1770 1850 1878 1897 pare

247 1927 270 1955 a
295 1910 487 1973 qualche
512 1910 699 1973 pratico,
730 1911 811 1956 che
841 1910 886 1957 di
922 1910 1078 1955 Roma·
1109 1926 1155 1955 se
1190 1910 1401 1972 potriano
1426 1908 1509 1955 far’
1531 1910 1672 1955 uenir'
1692 1908 1878 1956 disfatte

246 2002 328 2048 per
352 1984 425 2031 uia
450 1985 508 2030 de
534 1984 757 2030 mulatieri
785 2002 810 2030 a
829 2001 973 2047 puoca
992 2000 1141 2047 spesa:
1162 1984 1299 2030 credo
1325 1985 1406 2029 che
1430 1984 1474 2029 di
1502 1980 1607 2030 bote
1634 1995 1779 2042 votte;
1797 1984 1879 2030 che

245 2060 290 2106 di
323 2059 453 2122 piene
490 2076 539 2105 ce
571 2060 641 2125 ne¹
663 2059 741 2122 piu
774 2059 1052 2105 abundantia
1089 2059 1159 2105 nel
1190 2059 1397 2122 collegio.
1434 2059 1488 2105 Se
1520 2071 1681 2122 questo
1712 2059 1878 2122 partito

246 2135 384 2198 piace,
405 2134 595 2198 bisogna
613 2133 696 2180 che
721 2151 833 2180 anco
853 2134 994 2197 piacia
1021 2134 1221 2180 mandar’
1245 2151 1335 2179 vno
1355 2150 1438 2179 con
1459 2134 1612 2180 danari
1633 2151 1713 2197 per
1732 2133 1758 2179 l'
1779 2150 1879 2196 spe-

245 2209 432 2266 ditione,
458 2209 612 2272 perch’
634 2208 660 2253 l'
683 2226 776 2254 uno
800 2210 974 2272 seguita
999 2226 1023 2254 a
1049 2208 1075 2254 l’
1095 2209 1224 2265 altro,
1249 2209 1554 2255 conciosiache
1579 2221 1737 2272 questa
1761 2219 1879 2254 terra

249 2283 402 2345 (come
427 2283 488 2328 ho
512 2282 692 2344 scritto)
721 2283 783 2328 sia
809 2282 953 2329 molto
978 2299 1148 2345 pouera
1172 2282 1217 2328 di
1249 2282 1419 2339 danari,
1446 2293 1495 2328 'et
1529 2299 1619 2328 non
1653 2282 1685 2328 si
1720 2293 1889 2328 troua--

244 2356 356 2402 rian’
391 2357 590 2420 prestati,
637 2357 691 2402 ne
725 2374 748 2402 a
789 2374 938 2415 censo,
979 2368 1078 2415 etc.,
1119 2357 1176 2403 de
1216 2357 1338 2402 onde
1372 2373 1501 2402 nasce
1530 2356 1612 2402 che
1644 2356 1682 2402 le
1711 2373 1808 2403 case
1842 2356 1876 2401 si

245 2446 442 2477 trouano
466 2448 556 2495 qua
581 2448 605 2476 a
628 2431 671 2476 si'
693 2431 818 2476 buon
846 2439 1045 2477 mercato
1070 2442 1114 2476 et
1138 2430 1248 2476 altre
1274 2447 1388 2476 cose.

314 2506 580 2553 Ricordomi
602 2505 742 2552 hauer
761 2506 919 2552 scritto
935 2506 1020 2552 'che
1037 2505 1183 2569 questi
1207 2505 1408 2551 cittadini
1437 2504 1540 2551 han’
1562 2504 1706 2551 molto
1726 2505 1877 2551 buona

246 2581 435 2626 uolonta
454 2580 539 2626 alla
557 2580 864 2643 Compagnia‚
888 2592 932 2626 et
951 2580 991 2625 la
1009 2579 1322 2635 desiderann03
1344 2596 1417 2625 rna
1435 2596 1516 2625 son
1537 2579 1681 2625 molto
1701 2579 1874 2643 poueri,

244 2666 288 2701 et
315 2655 353 2700 la
376 2672 597 2719 speranza
621 2655 702 2701 che
726 2656 791 2711 ce,
818 2655 929 2702 esde
961 2654 1100 2701 lasciti
1134 2654 1215 2700 che
1247 2654 1280 2699 si
1315 2652 1521 2715 faranno,
1555 2670 1684 2700 come
1715 2654 1875 2700 dicano

244 2740 388 2792 questi
414 2745 543 2775 amiel
568 2741 723 2775 nostrl.

310 2803 346 2849 Il
380 2803 577 2865 giouane
609 2802 861 2866 falegname
893 2804 975 2849 che
1013 2804 1157 2860 uerra,
1192 2802 1226 2847 s'
1247 2802 1509 2865 adoperarzi,
1535 2818 1580 2847 se
1611 2818 1659 2847 ce
1689 2801 1787 2846 sara
1817 2801 1875 2847 da

244 2875 333 2934 far3
359 2878 624 2935 altrimenti,
650 2877 677 2923 l’
699 2878 1001 2924 inuiaremmo
1027 2894 1156 2923 uerso
1183 2876 1369 2935 Loreto‚
1393 2893 1523 2923 come
1547 2875 1706 2922 ordina
1734 2875 1792 2922 V.
1821 2874 1872 2921 Ρ.

308 2952 354 2996 Α
380 2949 576 2999 Ἀῃάτεει
608 2952 633 2998 l’
658 2952 714 2998 ha
744 2952 906 2998 lassato
940 2952 979 2997 la
1013 2950 1137 2997 febre
1169 2962 1213 2996 et
1243 2963 1310 2996 sta
1342 2951 1384 2997 in
1419 2950 1552 3014 piedi;
1578 2949 1641 2996 mi
1664 2948 1873 2995 sforzaro

241 3025 323 3072 che
358 3043 449 3072 non
483 3027 544 3090 gli
580 3027 759 3073 manchi
796 3027 967 3084 niente,
1003 3025 1165 3089 poiche
1206 3025 1250 3071 in
1283 3025 1399 3071 altro
1431 3042 1522 3071 non
1558 3024 1652 3088 par'
1673 3024 1707 3070 si
1742 3039 1874 3087 possa

242 3100 502 3164 adoperare,
528 3113 572 3148 et
598 3118 687 3148 non
713 3102 810 3147 sara
835 3117 1000 3165 puoco,
1020 3100 1120 3147 anzi
1148 3100 1254 3145 assai
1281 3100 1526 3163 guadagno
1544 3115 1626 3163 per
1650 3114 1738 3156 me,
1763 3114 1871 3144 con-
