2008 3510
326 225 403 278 656
787 225 1024 268 EPISTOLAE
1053 227 1382 280 Mutua-*1269

1017 413 1043 445 1
1052 411 1159 446 269

831 506 1060 545 ELPIDIUS
1089 506 1344 544 UGOLETTI

591 601 806 648 PATRI
844 602 1143 650 IGNATIO
1178 603 1271 650 DE
1309 602 1588 649 LOYOLA

816 707 989 733 PATAVIO
1019 709 1043 746 4
1073 686 1163 743 MAj1
1197 696 1296 746 1548
1326 694 1357 734 ¹.

275 800 455 847 Acceptis
476 801 614 837 litteris
634 801 1042 848 rescribit.-——Ignatio,
1064 803 1246 838 statuenti
1266 806 1308 838 ut
1327 806 1465 838 octavo
1487 812 1639 849 quoque
1661 802 1722 838 die
1742 800 1900 837 Romam

326 863 514 909 scribant,
536 864 697 900 libenter
719 875 863 901 morem
891 870 998 911 geret
1026 865 1210 911 Ugoletti.
1224 865 1338 901 —De
1359 865 1476 901 sociis
1503 865 1551 900 ad
1579 864 1706 901 studia
1725 864 1845 900 latina
1865 868 1902 899 et

325 937 464 972 graeca
486 928 945 973 applicandis—Patres
964 928 1072 965 Jaius
1101 933 1138 965 et
1164 928 1306 965 Lainez
1328 929 1377 965 ad
1403 928 1683 975 expediendum
1704 926 1899 973 negotium

325 989 372 1024 de
392 989 581 1035 prioratu,
608 990 796 1026 Societati
828 991 1086 1038 attribuendo,
1108 991 1295 1027 Venetias
1322 989 1778 1028 concessere.—Gaudet
1800 987 1903 1034 Ugo·

323 1051 406 1087 letti
427 1052 555 1088 socios
575 1053 613 1088 in
634 1053 810 1089 Siciliam
835 1054 1050 1090 incolumes
1071 1055 1276 1102 appulisse.

1078 1167 1110 1218 i

339 1255 408 1301 La
438 1254 582 1318 gratia
612 1265 656 1300 et
686 1271 840 1300 amore
869 1255 942 1301 del
980 1255 1145 1318 Signor
1178 1266 1333 1302 nostro
1364 1255 1427 1301 sia
1459 1271 1545 1301 con
1576 1254 1697 1319 tuttj.
1730 1255 1900 1301 Amen.

275 1329 396 1376 Rdo.
421 1329 466 1374 in
490 1328 676 1374 Christo
700 1328 862 1376 Padre.
887 1329 978 1375 Alli
1004 1331 1159 1395 xxviiij
1187 1331 1243 1377 de
1270 1329 1432 1393 Aprile
1459 1328 1713 1375 hauessimo
1740 1345 1829 1374 vna
1846 1328 1903 1375 de

271 1404 329 1450 V.
363 1404 440 1462 R.,
471 1420 551 1466 per
588 1403 628 1449 la
658 1403 790 1467 quale
823 1404 1037 1450 hauiamo
1069 1404 1214 1450 inteso
1249 1404 1364 1451 circa
1397 1404 1426 1450 il
1462 1403 1629 1450 scriuer
1663 1403 1769 1467 ogni
1802 1402 1904 1449 otto

270 1477 435 1541 giornj,
460 1477 501 1523 la
524 1476 628 1540 qual
653 1493 756 1522 cosa
780 1494 825 1523 se
850 1475 947 1524 farai
967 1477 994 1524 2.
1023 1477 1164 1525 Altro
1191 1495 1282 1525 non
1306 1495 1412 1542 pare
1441 1478 1524 1524 che
1554 1478 1592 1524 ci
1623 1477 1685 1524 sia
1708 1477 1766 1524 da
1798 1477 1902 1523 scri—

270 1568 377 1598 uere
409 1551 492 1597 alla
527 1551 586 1597 R.
614 1550 696 1608 V.‚
728 1552 956 1598 senonche
990 1553 1097 1598 tutti
1130 1553 1187 1600 de
1220 1570 1318 1599 casa
1347 1570 1428 1616 per
1457 1553 1601 1616 gratia
1631 1551 1706 1599 del
1738 1551 1903 1615 Signor

253 1612 411 1672 'siamo
435 1626 545 1683 sani,
578 1627 809 1673 tendendo
840 1626 911 1672 alli
945 1627 1080 1691 studij
1108 1638 1282 1691 quanto
1312 1627 1346 1673 si
1380 1639 1532 1690 puote.
1569 1627 1776 1672 Maestro
1807 1626 1901 1673 don

268 1699 445 1760 Jacobo
469 1700 525 1747 de
551 1700 714 1746 Duaco
738 1717 824 1746 con
852 1700 1007 1747 Pietro
1034 1700 1048 1725 ³
1073 1713 1117 1748 et
1142 1701 1308 1748 Fuluio
1337 1700 1350 1726 ⁴
1375 1719 1494 1748 uano
1525 1701 1563 1747 al
1599 1701 1779 1748 Lazaro
1802 1699 1833 1759 ⁵,
1857 1712 1902 1747 et

269 1775 345 1821 doi
370 1775 426 1822 de
452 1775 564 1832 loro,
590 1774 687 1821 cioe
713 1774 867 1821 Pietro
891 1786 935 1822 et
960 1775 1142 1833 Fuluio,
1169 1793 1289 1822 uano
1313 1775 1354 1822 al
1386 1793 1522 1840 greco
1556 1777 1710 1839 (come
1738 1776 1901 1823 hauete

269 1848 437 1911 inteso)
455 1860 499 1895 et
513 1849 621 1912 ogni
637 1849 864 1895 dominica
879 1850 1134 1913 disputano.
1153 1850 1346 1898 Claudio
1366 1850 1396 1908 ⁶,
1415 1851 1664 1897 Laurentio
1680 1862 1725 1896 et
1741 1850 1900 1896 Leone

270 1921 377 1968 fano
396 1922 425 1968 il
441 1922 599 1979 simile,
616 1923 827 1970 andando
845 1924 954 1987 ogni
973 1925 1136 1987 giorno
1152 1924 1224 1972 dal
1239 1925 1436 1981 Theseo,
1453 1936 1497 1971 et
1515 1924 1560 1970 in
1575 1924 1684 1988 ogni
1702 1923 1898 1971 domini-

269 2013 319 2043 ca
337 1996 594 2060 disputanO,
615 2008 659 2043 et
682 1997 929 2044 succissiuis
954 1997 1077 2044 horis
1098 1998 1293 2045 Claudio
1318 2011 1362 2045 et
1388 1998 1636 2044 Laurentio
1661 1997 1899 2060 imparano
1964 2033 1966 2035 -

270 2071 298 2117 li
323 2072 570 2119 rudimenti
602 2073 737 2136 greci,
763 2084 807 2119 et
831 2073 926 2119 cosi
952 2074 1059 2119 tutti
1084 2075 1117 2120 s’
1140 2073 1411 2120 affatichano
1435 2090 1516 2136 per
1539 2084 1671 2137 poter
1694 2072 1836 2119 seruir
1859 2072 1898 2118 al

270 2147 434 2211 Signor
465 2158 635 2205 nostro,
660 2148 938 2195 osseruando
968 2148 1013 2194 in
1039 2165 1137 2195 casa
1162 2148 1201 2195 16
1233 2148 1562 2207 constitutioni,
1587 2164 1716 2194 come
1746 2147 1898 2194 scrisse

271 2215 328 2269 V.
351 2222 409 2268 R.
436 2222 567 2268 Circa
592 2222 631 2268 le
655 2221 924 2268 confessioni
950 2234 995 2268 et
1018 2223 1283 2269 comunioni
1308 2222 1408 2269 fora
1431 2223 1487 2269 de
1511 2239 1624 2282 casa,
1648 2221 1844 2268 secondo
1869 2220 1897 2267 il

269 2295 403 2342 solito
427 2296 460 2342 si
486 2297 661 2344 atende.
689 2296 893 2343 Venerdi
924 2298 1078 2344 Pietro
1102 2298 1222 2345 ando
1248 2315 1272 2344 a
1297 2297 1490 2344 Venetia
1513 2314 1595 2361 per
1626 2296 1803 2360 agiutar
1826 2295 1897 2342 nel

269 2370 437 2417 scriuer
470 2370 584 2416 circa
617 2370 657 2416 le
685 2386 785 2416 cose
816 2370 889 2418 del
919 2371 1108 2435 collegio
1138 2373 1163 2418 a
1193 2382 1387 2418 maestro
1418 2371 1511 2419 don
1542 2370 1737 2419 Claudio
1762 2368 1778 2395 ⁷
1802 2381 1847 2416 et
1872 2386 1897 2416 a

323 2534 334 2560 ¹
394 2535 451 2572 Ex
482 2536 659 2583 originali
693 2535 732 2571 in
765 2537 840 2573 vol.
876 2534 1013 2587 Epist.
1049 2535 1097 2575 P.
1131 2534 1444 2583 Rz'badenez'ra,
1477 2541 1514 2573 et
1545 2537 1591 2573 ab
1622 2537 1696 2573 hoc
1726 2538 1892 2581 exarato,

270 2600 383 2635 unico
405 2599 510 2646 folio,
533 2610 570 2636 n.
592 2610 628 2645 4,
649 2598 755 2645 prius
780 2609 869 2646 437.

322 2659 337 2684 2
394 2662 449 2699 Cf.
475 2659 800 2701 Constitutiones
828 2658 916 2700 Soc.
944 2659 1034 2706 Jes.
1061 2673 1152 2700 cum
1178 2668 1326 2700 earum
1353 2658 1727 2708 declarationibus,
1748 2671 1786 2707 p.
1805 2667 1894 2705 vm,

270 2735 351 2773 cap.
375 2735 403 2772 1,
424 2726 480 2764 lit.
503 2726 543 2762 L.

323 2786 337 2810 ³
392 2789 525 2824 Petrus
544 2787 808 2826 ijadeneira.

326 2847 339 2872 ⁴
393 2850 553 2887 Fulvius
575 2849 774 2887 Cardulus.

323 2910 338 2935 5
393 2913 562 2950 Lazarus
582 2913 827 2949 Bonamicus.
851 2913 954 2949 Vide
975 2913 1084 2959 epist.
1111 2913 1224 2960 1265,
1248 2922 1291 2948 21
1317 2911 1494 2949 Octobris
1517 2920 1628 2959 1547.

323 2973 338 2997 ⁶
394 2975 578 3012 Claudius
599 2975 804 3012 Coudreto.

323 3033 339 3059 7
394 3037 461 3075 ΡΡ.
484 3037 667 3074 Claudius
685 3036 706 3074 J
710 3037 793 3073 aius
814 3041 849 3073 et
868 3037 1035 3073 Jacobus
1056 3036 1209 3082 LaineZ,
1232 3046 1393 3083 quorum
1414 3035 1646 3072 mentionem
1667 3033 1758 3070 facit
1779 3033 1889 3079 epist.

276 3100 387 3146 1267,
409 3101 499 3137 data
521 3110 566 3147 27
590 3100 747 3147 Aprilis.
