2014 3528
778 265 793 291 1
827 264 1002 293 nicusi-1
1034 252 1136 304 1556
1396 258 1399 261 ’
1635 262 1711 311 4οέ

135 357 394 405 dicendom‘
414 356 593 415 alhora,
618 357 700 403 che
732 370 893 422 questo
919 370 1046 405 tanto
1070 357 1242 422 grande
1267 356 1461 420 bisogno
1485 355 1518 401 si
1545 356 1768 419 potrebbe

138 432 350 479 rimediar
390 448 470 495 per
503 431 543 477 13
578 431 893 497 Compagnia,
926 451 971 480 se
1003 434 1042 479 la
1073 431 1363 496 Compagnia
1396 430 1566 477 uolesse
1607 431 1770 496 pigliar

138 508 165 552 l'
185 517 370 553 assunto
395 505 510 552 delle
534 522 636 553 cose
661 507 896 570 spirituali;
923 509 1004 554 che
1030 507 1190 554 uolessi
1217 506 1369 552 subito
1393 505 1562 552 scriuer
1581 523 1604 551 a
1628 506 1686 554 V.
1709 506 1769 553 R.

136 581 422 629 caldamente
445 597 581 643 sopra
614 593 787 645 questo.
817 583 885 640 Io,
919 582 1207 630 conoscendo
1233 581 1276 627 in
1312 591 1439 644 parte
1474 580 1579 645 quel
1617 582 1699 628 che
1731 581 1772 627 la

139 654 432 718 Compagnia
456 653 626 719 fugge,
650 655 900 703 dissimulai
925 657 970 704 di
998 674 1088 703 non
1114 656 1309 702 scriuere
1333 655 1482 719 quella
1514 655 1768 711 settimana,

139 731 166 777 il
194 731 299 795 qual
324 730 468 794 dopoi
494 731 672 777 ritorno
697 732 808 778 altre
835 731 958 779 uolte
983 749 1007 778 3
1032 731 1181 795 parlar
1211 747 1346 794 sopra
1379 730 1406 775 il
1435 730 1704 788 med-esium,
1730 743 1775 777 et

142 805 236 852 fece
260 806 341 852 che
367 805 428 851 mi
464 805 646 869 parlassi
682 806 709 852 il
743 806 912 853 vicario
943 806 988 854 di
1019 805 1192 869 Napoli
1226 821 1362 868 sopra
1393 817 1575 868 questo,
1610 805 1638 851 il
1670 806 1774 869 qual

140 880 310 938 vicario
333 880 478 926 scriue
502 897 615 926 anco
641 898 666 927 a
691 880 750 928 V.
781 882 839 928 R.
868 881 936 939 Io,
963 881 1174 928 uedendo
1199 891 1326 927 tanto
1346 880 1595 939 desiderio,
1621 898 1712 927 non
1732 881 1776 927 lo

141 953 257 1001 uolsi
292 954 528 1013 escjuder',
560 955 726 1018 perche
751 953 874 1001 forse
898 972 923 1002 a
954 966 1112 1019 queste
1144 954 1352 1018 angustie
1376 954 1432 1000 de
1458 954 1603 1017 questi
1635 955 1775 1018 tempi

145 1028 239 1074 Dio
266 1028 373 1074 uuol
400 1028 614 1074 rimediar
647 1045 729 1091 per
758 1041 917 1092 questa
946 1031 1020 1075 uia
1050 1030 1092 1075 in
1126 1040 1268 1092 parte.
1304 1027 1426 1090 Quel
1457 1028 1540 1074 che
1566 1028 1777 1092 adonque

141 1103 287 1166 questi
312 1102 615 1165 pretendono,
643 1119 723 1165 per
753 1103 909 1149 uenire
933 1103 973 1149 al
1005 1102 1297 1166 particolare,
1324 1103 1371 1160 ἐ,
1395 1102 1477 1148 che
1504 1102 1543 1148 ci
1574 1102 1777 1149 daranno

143 1177 170 1222 l'
190 1188 374 1223 assunto
404 1177 462 1224 de
494 1188 611 1223 tutte
641 1177 682 1223 le
711 1193 815 1223 cose
846 1177 1069 1239 spirituali
1100 1177 1205 1224 dell'
1225 1177 1537 1234 Annuntiata‚
1568 1189 1613 1223 et
1641 1178 1686 1223 in
1719 1178 1778 1223 tal

144 1252 286 1298 modo
316 1252 351 1297 si
382 1251 651 1315 capitularii,
676 1251 759 1297 che
783 1251 840 1297 ne
865 1251 894 1297 li
921 1252 1102 1298 maesti-i
1128 1252 1350 1315 tenghino
1373 1252 1456 1298 che
1481 1250 1549 1297 far
1573 1268 1659 1298 con
1685 1252 1780 1308 noi,

145 1327 201 1372 ne
227 1326 300 1372 noi
326 1342 411 1373 con
436 1325 463 1371 li
491 1325 670 1372 maestri
696 1325 807 1384 mai,
834 1336 879 1372 et
904 1326 986 1372 che
1018 1325 1117 1372 loro
1141 1326 1178 1372 ci
1206 1326 1412 1372 daranno
1441 1342 1541 1372 casa
1565 1342 1779 1389 appresso

145 1411 399 1464 appartata‚
424 1410 470 1446 et
493 1411 668 1446 entrata
693 1417 775 1464 per
799 1400 943 1447 uiuer’
963 1412 1009 1447 et
1034 1400 1211 1465 bisogni
1240 1402 1397 1459 nostri,
1422 1402 1557 1448 etiam
1578 1418 1626 1447 36
1651 1418 1780 1448 saran

145 1475 340 1539 bisogno
370 1474 450 1521 dui
475 1474 597 1521 milia
628 1475 782 1521 ducati
810 1475 855 1522 d’
877 1476 1042 1522 intrata
1072 1476 1099 1520 1’
1121 1493 1241 1522 anno
1270 1476 1463 1539 (perche
1490 1493 1567 1522 mo
1592 1476 1624 1522 1ῐ
1649 1493 1780 1539 spen—

145 1550 264 1596 deno
297 1550 342 1595 in
373 1549 401 1594 li
444 1549 561 1613 preti
601 1549 627 1595 li
665 1550 744 1596 dui
789 1550 912 1596 milia
951 1550 1103 1597 ducati
1141 1551 1248 1614 ogni
1281 1568 1402 1597 anno
1433 1562 1478 1597 et
1518 1567 1609 1597 non
1642 1549 1781 1597 fanno

148 1623 336 1685 niente).
366 1623 451 1670 Me
476 1624 566 1670 han
590 1624 720 1671 detto
743 1641 828 1670 con
854 1636 1030 1688 questo,
1056 1625 1139 1672 che
1166 1626 1453 1673 uendessimo
1478 1636 1638 1690 questa
1662 1643 1778 1685 casa,

147 1716 228 1762 per
251 1698 397 1745 fornii·
421 1698 462 1744 13
486 1697 658 1745 fabrica
681 1699 726 1745 di
753 1708 908 1745 nostra
931 1717 1030 1746 casa
1056 1700 1109 1746 13.

214 1774 266 1820 Io
298 1773 327 1820 li
359 1774 420 1819 ho
454 1773 673 1837 rispostO,
707 1774 788 1820 che
818 1775 1033 1833 credeua,
1062 1775 1165 1831 che,
1190 1776 1265 1838 gia
1295 1775 1378 1820 che
1408 1786 1570 1838 questo
1594 1775 1783 1821 douesse

147 1848 295 1905 esser’,
320 1848 354 1894 si
380 1847 566 1894 farebbe
590 1848 673 1894 che
698 1849 874 1895 restassi
899 1849 976 1913 qui
999 1861 1161 1913 questo
1182 1849 1389 1913 collegio,
1409 1849 1572 1912 perche
1593 1849 1672 1913 qui
1693 1847 1783 1894 fos—

134 1940 248 1970 (sero
271 1923 312 1970 le
345 1923 517 1981 schole,
549 1935 593 1970 et
619 1924 659 1969 la
691 1941 781 1970 non
807 1924 841 1970 s'
861 1926 1113 1972 attendesse
1138 1926 1194 1971 ad
1219 1925 1357 1982 altro,
1382 1943 1428 1971 se
1455 1942 1547 1971 non
1576 1925 1658 1971 alle
1682 1942 1783 1971 cose

148 1998 368 2062 spirituali
393 1998 509 2045 della
533 1998 777 2056 Nuntiata3
808 2011 853 2045 et
883 2000 928 2046 di
960 2013 1124 2063 questo
1159 2005 1220 2046 2.“
1238 1996 1392 2046 'modo
1424 2000 1521 2046 son'
1539 2016 1651 2045 anco
1674 2016 1782 2045 con-

148 2072 406 2129 tentissimi‚
431 2085 476 2118 et
507 2072 550 2118 lo
577 2072 796 2137 uogliono
828 2074 940 2120 cosi.
973 2074 1096 2136 Quel
1127 2075 1209 2120 che
1233 2074 1291 2120 ha
1320 2075 1379 2121 da
1409 2073 1480 2121 far
1509 2075 1550 2120 la
1581 2074 1783 2137 Compa-

149 2148 255 2211 gnia
289 2147 319 2193 li
346 2147 391 2204 ἐ,
424 2147 506 2193 che
536 2146 685 2210 quella
724 2147 871 2193 chiesa
901 2147 985 2194 stia
1020 2146 1205 2199 fornita-
1225 2149 1270 2195 di
1314 2166 1478 2207 messe,
1510 2149 1592 2196 che
1631 2166 1687 2195 ue
1730 2166 1784 2195 ne

149 2223 486 2287 bisognaranno
515 2223 572 2270 da
607 2222 664 2268 26
696 2240 724 2268 o
761 2236 816 2283 27
850 2223 1013 2269 incirca
1043 2223 1152 2287 ogni
1177 2224 1249 2280 di,
1274 2236 1319 2270 et
1350 2224 1427 2271 dui
1455 2241 1535 2287 per
1561 2224 1604 2270 10
1629 2224 1782 2287 hospi-

147 2297 207 2343 tal
232 2297 335 2344 delli
360 2296 556 2355 amalati‚
582 2313 662 2360 per
685 2297 759 2343 dir
782 2313 928 2343 messa
951 2308 996 2343 et
1015 2297 1246 2344 ministrax-
1266 2298 1292 2344 li
1312 2298 1595 2354 sacramenti,
1620 2309 1665 2344 et
1690 2314 1783 2343 uno

148 2389 177 2418 o
201 2372 278 2419 dui
304 2371 404 2418 altri
428 2371 511 2418 che
536 2371 566 2417 li
591 2371 760 2418 dicono
795 2372 929 2418 missa
953 2389 978 2417 a
1008 2387 1105 2432 300
1128 2389 1157 2419 o
1190 2388 1286 2432 400
1318 2373 1494 2430 zitelle‚
1520 2372 1588 2419 fra
1614 2373 1784 2436 piccole

149 2465 173 2493 e
197 2446 374 2510 grandi,
399 2458 445 2493 et
467 2447 549 2492 che
574 2445 602 2492 li
629 2446 778 2510 giorni
802 2446 847 2492 di
875 2445 990 2493 festa
1015 2447 1042 2492 l’
1063 2447 1314 2511 insegnano
1339 2448 1376 2495 le
1401 2464 1505 2494 cose
1529 2448 1783 2503 christiane,

150 2521 222 2568 del
247 2521 328 2567 che
352 2537 443 2567 non
470 2521 504 2566 si
530 2519 575 2566 fa
601 2521 752 2566 niente
777 2520 911 2578 hora,
936 2532 981 2567 et
1012 2520 1283 2568 confessarle
1315 2521 1354 2568 al
1386 2533 1543 2584 tempo
1568 2539 1673 2579 suo,
1699 2532 1783 2568 etc.

152 2596 215 2643 Et
247 2614 328 2660 per
360 2609 522 2660 questo
553 2613 660 2659 pare
690 2596 772 2642 che
805 2596 1049 2658 bisognara
1081 2610 1144 2655 30
1173 2596 1395 2643 sacerdoti
1428 2607 1472 2641 et
1506 2610 1566 2641 20
1596 2595 1713 2652 laici,
1740 2596 1784 2641 di

153 2672 293 2718 modo
316 2672 399 2718 che
423 2687 618 2717 saranno
646 2684 718 2732 50.

220 2746 288 2792 La
319 2762 419 2792 casa
458 2757 526 2791 sta
555 2745 630 2808 gia
663 2745 790 2808 quasi
822 2760 986 2790 mezza
1015 2742 1150 2801 fatta,
1188 2745 1353 2808 perche
1385 2755 1588 2807 tengono
1624 2744 1669 2789 di
1711 2744 1785 2807 gia

155 2834 179 2866 2
190 2833 214 2882 5
241 2819 405 2879 camer'
431 2817 558 2876 fatte,
583 2829 629 2865 et
651 2835 737 2864 con
764 2816 930 2864 facilita
954 2817 988 2863 si
1009 2815 1203 2864 faranno
1229 2818 1255 2864 l’
1275 2819 1401 2877 altre,
1426 2834 1512 2864 con
1537 2816 1724 2863 fontane
1742 2829 1787 2863 et

154 2894 232 2941 dui
257 2893 428 2951 cortili,
453 2894 498 2940 in
523 2893 551 2940 li
578 2893 699 2957 quali
725 2909 806 2939 son
834 2892 872 2938 le
897 2891 1083 2938 fontane
1108 2893 1153 2939 in
1180 2909 1358 2940 mezzo.
1381 2892 1535 2939 Credo
1555 2892 1651 2948 che,
1677 2908 1722 2937 se
1748 2892 1787 2937 la

156 2968 445 3032 Compagnia
481 2967 620 3031 piglia
660 2978 822 3031 questo
853 2977 1058 3023 assunto,
1090 2967 1173 3013 che
1213 2969 1312 3014 sara
1342 2966 1427 3013 far’
1458 2983 1521 3012 un
1552 2964 1699 3012 frutto
1742 2966 1785 3011 in

156 3043 330 3106 Napoli
360 3043 610 3106 stupendo,
644 3053 689 3088 et
718 3042 919 3088 crescera
948 3041 991 3086 in
1027 3052 1152 3088 tanta
1180 3042 1415 3089 deuotion’
1442 3052 1487 3087 et
1517 3040 1713 3087 autorita
1747 3039 1787 3084 la

155 3117 448 3181 Compagnia
471 3117 517 3163 in
541 3116 739 3179 Napoli‚
773 3126 947 3180 quanto
979 3116 1025 3161 in
1056 3127 1175 3163 tutta
1203 3117 1332 3163 Italia
1365 3116 1566 3163 insieme.
1596 3114 1785 3170 Perche,
