2008 3510
305 264 383 301 600
766 263 1003 303 EPISTOLAE
1031 264 1359 315 M1xrAE-1246

317 368 530 414 Emimus
555 384 675 414 nunc
699 367 892 415 domum
916 379 961 415 et
994 369 1144 415 locum
1169 368 1351 416 duobus
1376 368 1557 415 milibus
1579 380 1624 415 et
1647 370 1871 433 quadrin-

250 442 398 505 gentis
428 441 632 499 florenis,
662 442 740 506 qui
771 441 943 489 faciunt
973 443 1149 489 circiter
1179 444 1300 490 mille
1330 455 1376 490 et
1406 444 1626 490 ducentos
1662 445 1871 502 ducatos;

250 515 389 578 idque
411 515 456 561 in
481 531 616 561 vsum
640 514 784 562 futuri
810 517 952 562 nostri
976 516 1152 580 collegii
1188 517 1472 564 louaniensis.
1505 517 1679 581 Estque
1711 518 1872 564 eadem

251 588 416 635 domus
443 605 548 635 cum
573 589 715 635 domo
738 590 961 652 proxima,
988 606 1126 653 quam
1152 591 1210 636 D.
1242 591 1315 638 M.
1336 590 1401 638 N.
1427 590 1724 637 Hassellanus
1746 589 1775 649 ¹,
1800 592 1873 654 pie

251 662 487 720 memorie,
514 662 806 722 inhabitauit,
833 674 1077 727 antequam
1102 664 1186 710 iret
1210 664 1268 710 ad
1290 664 1530 710 concilium
1555 664 1871 712 tridentinum.

252 736 338 783 Est
362 737 441 783 hec
465 737 632 783 domus
666 748 760 783 tam
791 738 938 784 vicina
966 755 1145 784 summe
1174 737 1376 796 ecclesie,
1402 750 1447 784 et
1470 737 1595 795 foro,
1621 749 1667 786 et
1690 739 1873 797 scholis,

249 822 303 857 vt
336 827 427 856 non
459 811 657 874 piguerit
688 811 946 875 predictum
979 812 1359 858 valetudinarium
1394 812 1630 859 doctorem
1671 813 1876 877 quotidie

249 884 423 931 scholas
447 886 676 933 accedere:
703 886 844 932 modo
869 886 1038 932 ibidem
1064 886 1271 932 habitant
1297 887 1448 949 plures
1471 887 1672 933 canonici
1697 903 1875 933 summe

248 959 441 1005 ecclesie.
470 959 556 1005 Est
579 959 715 1005 etiam
738 960 884 1006 tribus
908 961 1068 1024 primis
1093 960 1314 1023 parochiis
1343 960 1438 1007 fere
1462 978 1576 1024 eque
1600 962 1762 1009 vicina.
1790 962 1876 1009 Est

249 1032 372 1078 locus
396 1043 520 1078 totus
544 1033 744 1096 quietuS,
770 1044 815 1079 et
845 1033 901 1079 ab
924 1034 1051 1079 omni
1086 1034 1289 1080 tumultu
1321 1034 1446 1091 liber,
1483 1035 1605 1081 locus
1629 1036 1807 1098 amplus
1830 1047 1876 1082 et

249 1123 459 1164 amenus,
490 1119 536 1153 et
559 1107 829 1170 quadratus,
855 1125 879 1153 a
903 1108 1085 1155 duobus
1115 1108 1321 1171 partibus
1344 1109 1514 1154 habens
1538 1109 1736 1167 exitum,
1760 1126 1875 1173 eque

249 1198 364 1244 pene
388 1182 605 1244 amplum.
631 1181 709 1228 Ab
734 1193 927 1246 Vtraque
951 1194 1077 1245 parte
1102 1182 1262 1240 exitus,
1281 1195 1473 1246 puteum
1494 1183 1629 1229 habet
1653 1200 1733 1246 pre
1758 1182 1872 1230 fori-

250 1255 363 1313 bus;
388 1256 592 1302 similiter
615 1256 660 1302 in
686 1255 827 1302 altero
852 1257 989 1302 latere
1013 1257 1130 1303 duos
1154 1257 1367 1320 limpidos
1391 1256 1540 1303 fontes
1566 1258 1716 1316 viuos,
1741 1258 1874 1303 insu-

248 1345 329 1392 per
353 1340 546 1392 puteum
572 1347 716 1376 vnum
749 1330 793 1375 in
819 1330 975 1377 domo,
1010 1331 1195 1376 Domus
1227 1331 1322 1393 ipsa
1351 1348 1406 1377 ex
1431 1342 1558 1394 parte
1582 1343 1649 1377 est
1673 1331 1872 1395 antiqua,

248 1402 305 1448 ab
330 1403 411 1449 alia
437 1420 545 1449 vero
569 1414 696 1466 parte
721 1421 860 1463 noua,
886 1404 1113 1468 habetque
1136 1405 1300 1469 viginti
1325 1404 1532 1451 cubicula
1554 1406 1758 1464 honesta,
1785 1422 1873 1470 que

248 1479 402 1539 omnia
425 1479 481 1524 ab
505 1480 696 1543 egregiis
721 1490 766 1525 et
790 1479 935 1526 doctis
966 1479 1074 1526 viris
1103 1491 1149 1526 et
1178 1480 1402 1544 aliquibus
1434 1480 1665 1526 licentiatis
1699 1480 1872 1526 inhabi-

247 1562 415 1599 tantur.
446 1554 598 1600 Credo
622 1555 749 1617 quod
773 1554 989 1600 dominus
1011 1554 1148 1614 Jesus
1171 1554 1356 1618 elegerit
1387 1554 1518 1600 nobis
1550 1555 1670 1600 hunc
1705 1553 1871 1613 locum,

248 1625 375 1689 quia,
400 1643 504 1672 cum
530 1638 575 1672 et
599 1643 681 1672 nos
705 1637 750 1673 et
781 1626 980 1673 fautores
1016 1628 1158 1673 nostri
1181 1628 1281 1691 jam
1315 1626 1523 1689 pluribus
1548 1627 1674 1673 annis
1697 1627 1874 1690 saepius

247 1715 397 1745 emere
432 1699 713 1746 voluerimus
732 1699 764 1758 ²,
803 1700 882 1746 sed
911 1711 1086 1758 tamen,
1118 1700 1283 1762 partim
1315 1700 1420 1763 quia
1452 1700 1584 1746 nimis
1614 1701 1747 1746 chare
1784 1701 1872 1747 emi

248 1772 490 1829 debuisset,
516 1773 680 1835 partim
705 1773 810 1837 quia
833 1789 1012 1836 semper
1031 1773 1265 1819 meliorem
1290 1773 1584 1837 quesiuimus,
1604 1774 1722 1820 adde
1747 1774 1873 1837 quod

249 1863 331 1892 nec
359 1846 534 1893 licentia
558 1847 771 1910 principis
796 1846 926 1893 nobis
955 1864 1164 1893 concessa
1192 1859 1319 1906 esset,
1345 1864 1437 1893 non
1460 1847 1697 1911 potuimus
1722 1848 1872 1895 hacte-

248 1936 335 1966 nus
359 1920 490 1966 nobis
515 1921 931 1967 conuenientiorem
959 1921 1174 1967 inuenire.
1203 1922 1331 1968 Idem
1351 1938 1462 1985 ergo
1486 1922 1700 1969 dominus
1722 1923 1872 1982 JeSUS,

248 1995 324 2058 qui
350 1995 476 2042 dedit
499 1995 715 2059 incipere,
741 1996 956 2059 dignetur
979 2008 1024 2042 et
1058 1996 1284 2059 perficere.
1318 1997 1480 2042 Restat
1512 1997 1633 2042 enim
1657 2007 1709 2043 vt
1731 1996 1870 2043 licen-

248 2070 358 2116 tiam
396 2087 421 2116 a
461 2070 728 2133 magistratu
758 2080 803 2116 et
833 2070 1126 2116 vniuersitate
1165 2070 1412 2116 louaniensi
1457 2071 1772 2133 impetremus,
1814 2071 1872 2118 ad

248 2160 384 2207 quarn
412 2161 508 2190 rem
535 2161 655 2190 nunc
678 2144 1053 2207 supplicationem
1079 2161 1307 2207 paramus,
1333 2145 1590 2208 amicosque
1610 2144 1740 2190 nobis
1763 2161 1871 2191 con-

247 2217 466 2274 ciliamus,
491 2229 536 2264 et
559 2217 832 2264 confidimus
855 2218 1008 2264 omnia
1032 2217 1220 2264 feliciter
1243 2219 1545 2282 transigenda.

314 2291 503 2337 Interim
529 2307 740 2354 paramus
763 2291 930 2348 omnia,
957 2308 1045 2355 que
1069 2290 1229 2338 futuro
1253 2291 1444 2355 collegio
1467 2303 1513 2338 et
1536 2291 1695 2338 sacello
1719 2290 1870 2337 forent

249 2366 502 2413 necessaria.
530 2366 655 2412 Nam
680 2366 716 2412 si
739 2366 878 2413 libros
902 2378 1088 2429 spectes,
1108 2383 1266 2412 omnes
1281 2366 1456 2430 primos
1478 2366 1685 2412 ecclesiae
1710 2365 1868 2412 docto-

249 2457 319 2486 res
334 2442 434 2506 jam
458 2441 593 2487 tertio
618 2441 854 2498 habemus,
879 2441 1192 2504 reliquamque
1210 2457 1302 2487 non
1324 2457 1514 2503 paruam
1533 2440 1711 2503 copiam
1731 2439 1868 2486 libro-

248 2531 366 2562 rum.
394 2516 437 2561 Si
461 2514 674 2561 sacellum
703 2526 899 2577 spectes,
932 2514 1151 2561 habemus
1181 2525 1379 2579 quatuor
1410 2514 1590 2572 calices;
1621 2513 1869 2577 corporalia

249 2590 439 2654 insignia
463 2601 509 2637 et
531 2589 737 2654 duplitia,
768 2603 847 2651 503
873 2590 1042 2636 casulas
1060 2606 1165 2636 cum
1185 2587 1295 2635 albis
1325 2600 1370 2635 et
1394 2589 1500 2646 aliis,
1528 2605 1715 2646 nouem;
1740 2604 1868 2651 map-
1891 2633 1894 2636 .

249 2681 328 2726 pas
348 2676 639 2721 consecratas,
659 2664 841 2727 viginti3
863 2664 1018 2710 bursas
1037 2680 1150 2709 vero
1168 2663 1489 2726 corporalium,
1510 2679 1678 2708 nouem
1696 2672 1774 2708 aut
1798 2677 1867 2718 12;

249 2748 294 2783 et
317 2738 434 2784 inter
457 2738 549 2795 has,
575 2754 713 2784 vnam
738 2738 969 2801 sexaginta
994 2738 1281 2793 ducatorum,
1307 2747 1359 2782 vt
1382 2736 1468 2782 tale
1491 2752 1609 2799 opus
1633 2751 1869 2799 nunquam

251 2812 396 2858 visum
427 2812 503 2868 sit,
534 2811 629 2858 siue
664 2811 910 2875 picturam,
942 2811 1037 2857 siue
1067 2810 1282 2874 pietatem
1315 2810 1509 2873 picture,
1540 2809 1633 2855 siue
1656 2818 1867 2871 sumptus

300 2993 315 3019 ¹
370 2996 486 3033 Estne
506 2997 569 3033 hic
587 2996 853 3041 Hassellanus,
876 2995 940 3042 qui
968 2995 1059 3031 alibi
1084 2995 1237 3031 Asselet
1262 2991 1444 3031 vocatur?
1470 2993 1526 3030 Cf.
1548 2993 1755 3037 POLANco‚
1777 2995 1803 3030 t.
1823 2999 1866 3037 11,

243 3068 331 3104 pag.
355 3058 416 3105 85,
437 3069 473 3094 n.
498 3069 584 3095 201.

299 3116 317 3142 ²
371 3119 444 3157 Ms.
463 3115 744 3157 voluierz'mus.
