2014 3528
318 269 394 308 324
782 255 1016 294 EPISTOLAE
1045 256 1376 308 M1xTAE--1136

263 365 456 427 reliquas
494 364 814 426 occupationes
855 363 976 421 licet,
1014 364 1183 427 aliquid
1216 364 1306 412 fiat.
1342 364 1463 410 Bene
1496 363 1592 410 vale
1622 364 1665 410 in
1708 363 1895 410 Christo

261 439 384 498 Jesu.
416 439 591 484 Datum
620 438 883 484 Monachrii
911 438 1001 501 xiiij
1035 439 1150 484 Maii
1185 439 1322 501 1556.

956 522 1235 569 onALEus
1274 522 1456 568 anm
1498 538 1542 569 D.
1578 522 1729 582 JoAN.

328 624 375 668 A
395 634 514 686 tergo
536 624 628 670 alia
653 639 800 669 manu:
827 622 974 686 Copia
998 623 1138 669 d‘una
1161 623 1232 670 del
1258 634 1452 686 patrono
1475 623 1532 669 de
1556 622 1792 685 Ingolstat.

1006 820 1032 852 1
1043 819 1068 852 1
1078 818 1149 852 8ss

805 914 1025 951 FULVIUS
1055 911 1348 951 ANDROTIUS

570 1010 783 1056 PATRI
822 1009 1118 1055 IGNATIO
1156 1009 1250 1055 DE
1286 1009 1577 1056 LOYOLA

790 1114 957 1141 PISAURo
991 1114 1036 1153 15
1068 1113 1157 1148 MAJl
1194 1102 1293 1153 1556
1323 1100 1353 1139 ¹.

258 1201 457 1237 Pisaurum
485 1212 571 1237 cum
602 1202 710 1238 socio
741 1202 956 1238 Androtius
987 1201 1109 1247 venit,
1139 1202 1352 1237 Meldulam
1383 1199 1893 1246 perrecturus—Parentes

312 1264 457 1300 sodalis
478 1264 645 1300 Petronii
668 1264 1104 1302 consolatur.-Frater
1129 1264 1299 1300 Joannes
1326 1263 1498 1310 Ignatius
1524 1262 1637 1299 Nieto
1662 1262 1778 1299 verba
1802 1261 1893 1298 facit

312 1327 347 1362 in
370 1327 496 1363 medio
519 1327 620 1373 foro,
642 1338 719 1363 non
741 1328 823 1363 sine
847 1328 1064 1363 auditorum
1086 1327 1211 1373 gratia
1233 1331 1268 1363 et
1289 1327 1437 1373 plausu.

1034 1442 1134 1528 ins.

323 1568 420 1614 Pax
457 1567 548 1625 Xfi,
583 1578 666 1615 etc.
707 1568 864 1614 Molto
903 1569 1024 1615 Rdo.
1065 1568 1212 1615 Padre
1251 1568 1295 1614 in
1341 1565 1428 1614 X.⁰
1466 1565 1888 1612 osseruandissimo.

260 1643 446 1689 Lunedi
473 1643 701 1706 prossimo
732 1656 912 1706 passato
938 1644 964 1689 il
993 1642 1170 1689 fratello
1194 1643 1276 1703 Jo:
1312 1642 1471 1705 Nepos
1497 1652 1542 1687 et
1566 1641 1609 1687 io
1634 1641 1672 1687 ci
1698 1640 1891 1703 partim-

257 1735 333 1763 mo
360 1719 417 1763 da
444 1717 616 1763 Loreto
642 1734 721 1780 per
745 1718 904 1763 ordine
928 1718 1000 1764 del
1027 1718 1210 1781 signore
1235 1717 1536 1781 gouernator'
1559 1715 1589 1773 ²,
1614 1727 1659 1762 et
1683 1715 1828 1779 ghieri
1853 1715 1891 1761 ci

257 1793 504 1855 partimmo
529 1792 572 1838 di
598 1793 899 1855 Ancona-per
931 1809 1079 1849 mare,
1111 1794 1194 1839 che
1219 1809 1300 1855 per
1326 1791 1473 1855 prima
1499 1807 1590 1837 non
1617 1789 1656 1836 c'
1676 1807 1750 1836 era
1774 1800 1892 1835 stato

256 1867 344 1912 mai
379 1878 519 1912 uento
550 1883 794 1929 prosparo,
828 1878 872 1912 et
903 1866 1047 1913 siamo
1081 1869 1236 1914 uenuti
1268 1886 1292 1914 a
1323 1868 1488 1923 Pesaro
1518 1885 1604 1914 con
1636 1866 1663 1912 l'
1690 1867 1815 1912 aiuto
1845 1866 1890 1912 di

257 1952 413 1986 nostro
446 1941 655 2003 Signore,
688 1940 862 1986 benche
888 1940 932 1986 in
959 1953 1081 1987 tutto
1106 1942 1132 1988 il
1161 1942 1344 2006 uiaggio
1376 1959 1448 1988 me
1473 1942 1535 1988 sia
1565 1941 1733 1988 sentito
1763 1951 1891 1986 tanto

256 2014 527 2077 trauagliato
552 2015 624 2061 dal
650 2026 874 2071 stomaco,
900 2015 981 2061 che
1007 2017 1068 2062 mi
1095 2017 1119 2062 ὲ
1144 2034 1275 2080 parsa
1306 2017 1497 2080 meglior
1522 2015 1796 2062 resolutione
1822 2013 1892 2060 far

255 2102 417 2153 questo
443 2101 638 2135 restante
663 2106 744 2152 per
770 2101 888 2136 terra
909 2088 938 2136 ³.

320 2163 495 2225 Questa
520 2164 690 2209 matina
714 2163 856 2209 siamo
883 2165 1040 2211 uenuti
1061 2183 1085 2211 a
1105 2166 1256 2212 ueder'
1284 2165 1311 2211 il
1339 2165 1477 2228 padre
1508 2164 1582 2212 del
1609 2175 1769 2210 nostro
1802 2162 1890 2209 fra—

256 2239 362 2284 tello
390 2238 459 2284 M.
488 2238 720 2296 Petronio,
748 2239 774 2283 il
802 2239 934 2302 quale
960 2257 1014 2285 ne
1041 2240 1096 2285 ha
1122 2240 1248 2299 fatte,
1274 2241 1461 2286 insieme
1484 2239 1582 2284 colli
1610 2255 1692 2284 suo
1717 2237 1890 2302 figlioli,

255 2313 363 2358 assai
391 2312 541 2358 buone
566 2312 849 2375 accoglenze.
879 2313 941 2359 Et
965 2325 1103 2371 certo,
1130 2314 1168 2360 si
1195 2331 1325 2361 come
1349 2314 1394 2360 di
1421 2324 1596 2377 aspetto
1621 2313 1646 2358 ἐ
1671 2328 1891 2360 ueneran-

255 2388 336 2443 do,
369 2386 463 2432 cosi
508 2385 849 2432 interiormente
892 2399 1064 2434 mostra
1099 2389 1237 2434 esser'
1278 2388 1421 2434 molto
1463 2387 1609 2434 amico
1648 2386 1693 2432 di
1734 2397 1891 2432 nostro

256 2461 445 2523 Signore
462 2498 473 2517 ,
500 2472 545 2506 et
569 2461 715 2523 parmi
741 2461 774 2506 si
803 2462 951 2523 potria
983 2463 1199 2525 accopiar'
1228 2480 1313 2509 con
1340 2463 1434 2508 mio
1466 2462 1607 2525 padre
1637 2460 1889 2507 secundum

254 2553 435 2581 carnem
458 2534 483 2581 '¹.
506 2535 573 2581 Le
592 2536 786 2582 orationi
805 2537 908 2582 delli
936 2535 1098 2583 fratelli
1124 2538 1276 2583 hanno
1302 2536 1418 2583 fatto
1446 2537 1590 2582 molto
1615 2534 1774 2581 frutto.
1804 2533 1890 2579 Ho

312 2691 322 2715 ¹
381 2692 436 2728 Ex
455 2693 695 2739 autographo
717 2693 755 2728 in
777 2694 852 2729 vol.
874 2693 915 2739 F,
939 2694 1083 2740 duplici
1107 2694 1212 2740 folio,
1235 2705 1271 2730 n.
1298 2702 1387 2741 195,
1409 2693 1515 2740 prius
1537 2702 1596 2740 70.

309 2754 324 2778 2
382 2755 532 2801 Gaspar
552 2757 597 2791 de
620 2755 765 2802 Doctis‚
789 2757 913 2792 almae
926 2758 1071 2807 *domus
1092 2758 1318 2793 lauretanae
1340 2757 1585 2803 gubernator.

310 2816 324 2839 ³
383 2818 448 2853 «In
474 2819 636 2864 gratiam
659 2818 876 2855 Cardinalis
897 2819 1102 2866 Carpensis
1131 2820 1168 2856 P.
1197 2819 1357 2855 Fulvius
1384 2817 1604 2854 Androzius
1631 2826 1716 2852 eum
1742 2815 1889 2851 Joanne

256 2880 406 2926 Ignatio
428 2880 637 2916 Meldulam
665 2881 805 2917 missus
834 2882 943 2917 initio
965 2882 1077 2929 hujus
1106 2881 1193 2917 anni
1222 2881 1328 2918 suit.»
1359 2881 1566 2926 POLANCO,
1589 2883 1613 2915 t.
1637 2887 1694 2925 VI,
1717 2888 1802 2924 pag.
1826 2887 1888 2924 71,

257 2955 293 2980 n.
314 2955 400 2979 222.
425 2943 653 2980 «Lauretum
675 2955 849 2990 pergenS,
868 2948 903 2980 et
924 2945 1162 2991 aliquamdiu
1185 2945 1326 2981 ibidem
1347 2947 1620 2989 commoratus,
1638 2941 1743 2988 Majo
1760 2950 1888 2976 mense

258 3006 468 3041 Meldulam
497 3007 704 3052 pervenit.»
730 3003 862 3053 lbzd,
890 3018 974 3054 pag.
1005 3018 1072 3055 72,
1100 3019 1135 3044 n.
1169 3019 1255 3053 224.
1267 3008 1420 3044 —Vide
1448 3006 1565 3051 infra,
1593 3006 1702 3052 epist.
1730 3003 1889 3040 ‚Ioannis

257 3068 409 3114 Ignatii,
432 3069 495 3115 qui
515 3069 686 3105 Joannes
707 3069 819 3105 Nieto
840 3070 930 3105 alibi
953 3071 1178 3116 appellatur,
1200 3082 1236 3108 n.
1262 3081 1360 3115 114²
1383 3070 1564 3116 positam.

314 3128 326 3153 '¹
383 3131 438 3167 De
460 3136 565 3178 patre
591 3143 635 3168 ae
662 3132 840 3168 fratribus
862 3133 979 3168 nostri
1001 3133 1179 3170 Androtii
1201 3131 1324 3183 (varie
1346 3133 1419 3170 hoo
1440 3141 1654 3179 cognomen
1675 3126 1883 3178 scribitur),
