2008 3510
802 283 846 321 13
876 270 985 322 JoLn
1021 281 1119 322 1552
1167 282 1169 284 ·
1645 281 1723 321 757

890 454 916 487 1
925 452 1031 487 316

685 539 927 576 AEGIDIUS
953 539 1237 577 FOSCARARI

735 621 930 646 EPISCOPUS
961 620 1189 646 MUTINENSIS

395 683 397 685 ¹
467 690 679 739 PATRI
716 692 1007 739 IGNATIO
1045 693 1138 739 DE
1176 692 1457 739 LOYOLA

679 788 838 815 MUTmA
872 790 917 828 13
946 789 1050 826 JUL11
1083 788 1181 828 1552
1209 776 1238 816 ¹.

145 883 268 932 Signa
289 885 431 922 amoris
453 885 819 931 benevolentiaeque
841 896 932 931 erga
959 884 1378 932 Societatem—Rigor
1403 884 1528 921 Patris
1555 884 1718 920 Landini
1738 884 1777 919 in

691 948 942 995 semetipsum
963 949 1231 985 moderandus.

949 1062 980 1114 ἦ

213 1150 373 1197 Molto
399 1151 522 1198 Rd0.
552 1151 625 1197 M.
655 1150 874 1215 Egnatio,
913 1150 1060 1198 Padre
1092 1162 1137 1197 et
1167 1151 1322 1215 signor
1356 1151 1447 1197 mio
1471 1150 1777 1198 osseruandis-

145 1226 275 1272 simo.
301 1226 476 1272 Perche
502 1226 576 1290 gia}
600 1226 661 1272 ho
680 1242 874 1272 remesso
898 1227 1006 1289 ogni
1035 1226 1126 1272 mio
1147 1225 1340 1289 pensier’
1359 1238 1404 1272 et
1427 1226 1628 1272 discorso
1646 1225 1685 1271 al
1706 1225 1776 1272 bel

145 1313 190 1348 et
213 1312 342 1347 santo
368 1301 533 1347 iudicio
558 1301 605 1347 di
634 1301 690 1347 V.
719 1301 795 1357 R„
828 1313 872 1346 et
902 1301 999 1347 allei
1031 1300 1126 1364 par'
1145 1301 1226 1347 che
1257 1301 1290 1346 si
1327 1301 1595 1347 ineomenza
1620 1312 1778 1364 questa

145 1387 272 1421 santa
296 1391 435 1438 opera
458 1391 541 1420 con
569 1374 673 1438 quel
702 1391 894 1420 numero
918 1375 1000 1421 che
1025 1374 1108 1421 ella
1131 1375 1188 1420 ha
1218 1375 1395 1433 scritto,
1422 1391 1505 1420 son
1528 1374 1776 1420 certissimo

144 1450 226 1496 che
260 1450 300 1495 13
337 1466 441 1496 cosa
471 1461 539 1495 sta
573 1450 659 1495 ben
695 1450 814 1506 cosi,
851 1462 895 1496 et
929 1467 1041 1496 sono
1071 1448 1404 1497 satisfatisimo:
1446 1450 1507 1513 gli
1548 1451 1776 1512 aspettaro

144 1524 609 1571 deuotissimamente.
652 1524 862 1570 Conosco
905 1528 1078 1588 quanto
1117 1542 1230 1583 sono
1275 1524 1480 1588 obligato
1527 1540 1552 1569 a
1592 1539 1777 1586 rengra-

144 1598 243 1657 tiar'
263 1599 329 1646 N.
356 1599 397 1645 S.
432 1598 526 1644 Dio
552 1615 632 1661 per
663 1610 824 1663 questo
860 1599 898 1645 si
929 1599 1162 1662 segnalato
1193 1598 1430 1655 beneficio,
1462 1609 1506 1644 et
1536 1610 1710 1662 quanto
1734 1598 1778 1644 io

144 1673 206 1719 sia
231 1684 391 1719 tenuto
416 1668 791 1736 perpetuamente
817 1674 900 1720 3113
925 1674 1067 1721 bont&
1083 1674 1126 1721 di
1151 1675 1208 1721 V.
1231 1675 1307 1730 R„
1335 1674 1373 1719 la
1392 1673 1523 1735 quale
1546 1674 1583 1720 si
1611 1673 1775 1736 gratio-

145 1759 346 1794 samente
370 1748 402 1794 si
424 1748 575 1811 degna
593 1748 637 1795 d'
659 1748 880 1795 aiutarmi.
912 1749 980 1795 La
1003 1749 1202 1795 certifico
1223 1748 1352 1806 bene,
1372 1747 1454 1794 che
1480 1747 1519 1793 13
1543 1748 1665 1794 aiuta
1686 1764 1778 1793 uno

143 1822 225 1868 che
258 1822 315 1868 ne
350 1822 395 1868 in
427 1822 730 1885 grandissimo
763 1822 957 1887 bisogno
988 1834 1033 1869 et
1072 1823 1312 1879 necessita,
1344 1833 1389 1868 et
1431 1822 1454 1868 ἐ
1494 1821 1779 1868 deditissimo

143 1896 316 1959 figliolo
339 1907 385 1942 et
414 1896 609 1942 seruitor
642 1896 698 1942 de
724 1896 781 1942 V.
809 1897 868 1953 S„
902 1909 946 1942 et
977 1897 1059 1943 che
1091 1897 1135 1942 in
1169 1896 1337 1942 amarla
1366 1907 1411 1942 et
1441 1895 1652 1942 reuerirla
1686 1913 1778 1942 non

144 1970 252 2016 cede
277 1970 333 2016 ad
359 1969 575 2027 alchimo,
599 1987 729 2016 come
754 1971 949 2016 anchora
976 1988 1068 2017 non
1093 1971 1256 2025 cederi)
1282 1971 1326 2016 in
1352 1970 1567 2018 obedirla.

210 2044 262 2090 Io
286 2061 400 2090 sono
423 2044 474 2089 'in
505 2043 721 2107 alquanto
752 2044 975 2108 trauaglio
1009 2044 1056 2092 d'
1082 2046 1109 2091 il
1142 2045 1195 2093 P.
1228 2045 1287 2092 D.
1319 2045 1533 2091 Siluestro
1553 2045 1582 2102 ²,
1617 2056 1661 2091 et
1686 2062 1777 2091 non

145 2118 359 2164 hauendo
383 2117 497 2164 altro
522 2116 724 2180 refugio,
746 2118 805 2163 ho
825 2130 1015 2180 pensato
1037 2118 1330 2164 liberamento
1348 2118 1562 2164 scriuerlo
1580 2135 1604 2164 a
1633 2119 1692 2166 V.
1716 2119 1774 2165 R.

146 2193 253 2256 Egli
286 2193 310 2238 ἐ
342 2204 514 2238 venuto
545 2192 590 2238 in
622 2209 711 2238 vna
744 2192 958 2255 opinione
999 2193 1044 2239 d'
1066 2210 1157 2239 una
1196 2204 1364 2256 troppo
1405 2204 1581 2239 austera
1614 2192 1778 2255 (par'a

146 2268 233 2328 mi)
261 2266 538 2312 abstinenza:
568 2283 657 2312 non
685 2267 793 2312 uuol
820 2267 860 2312 la
888 2267 1056 2313 matina
1075 2284 1120 2314 se
1137 2284 1229 2313 non
1254 2285 1344 2313 una
1365 2268 1593 2324 minestra,
1621 2268 1658 2312 13
1681 2284 1778 2313 sera

147 2358 234 2387 una
277 2341 482 2399 insalata,
523 2353 568 2386 et
610 2341 634 2386 ἐ
667 2341 728 2386 dil
771 2341 991 2387 continuo
1021 2341 1249 2388 affaticato
1283 2342 1327 2387 in
1365 2341 1496 2405 officij
1539 2340 1775 2403 spirituali.

150 2415 250 2461 Par'
273 2432 297 2460 a
322 2415 383 2460 mi
408 2414 490 2460 che
520 2414 583 2460 sia
614 2415 757 2460 molto
793 2415 1062 2473 manchato,
1088 2433 1179 2462 non
1210 2416 1457 2462 solamente
1489 2426 1662 2478 quanto
1691 2414 1776 2460 alla

144 2489 291 2552 efigie,
318 2505 390 2534 ma
414 2489 611 2534 anchora
636 2499 808 2548 quanto
833 2489 915 2535 alle
941 2487 1093 2549 fone,
1128 2501 1172 2536 et
1204 2502 1327 2536 temo
1360 2490 1441 2534 che
1474 2505 1564 2534 non
1599 2491 1776 2534 incorra

145 2564 335 2610 alchuna
359 2561 605 2609 infermital.
627 2563 687 2610 V.
713 2564 773 2610 R.
794 2565 927 2625 potr&
947 2563 1058 2609 hora
1073 2564 1272 2611 ordinar'
1292 2563 1444 2627 quello
1469 2563 1549 2608 che
1571 2563 1596 2609 li
1618 2565 1775 2626 parerzi

145 2637 208 2683 sia
233 2638 319 2683 ben
345 2635 484 2693 fatto,
509 2649 554 2682 et
578 2637 611 2682 si
640 2637 842 2700 degnara
866 2638 910 2683 d’
931 2637 1134 2684 hauermi
1160 2649 1281 2684 sotto
1306 2639 1346 2683 13
1379 2637 1654 2699 protettione
1677 2654 1772 2695 sua,

144 2723 188 2757 et
232 2710 410 2774 pregar'
432 2722 589 2757 nostro
629 2711 785 2774 signot·
826 2712 920 2758 Dio
957 2729 1037 2775 per·
1078 2713 1156 2761 mi.
1195 2714 1257 2759 Di
1302 2713 1515 2758 Modona
1554 2712 1582 2758 il
1631 2727 1682 2773 13
1728 2713 1774 2759 di

149 2785 269 2832 Luio
301 2798 433 2846 1552.
460 2785 522 2830 Di
550 2785 607 2831 V.
636 2785 693 2831 R.
722 2785 865 2831 humil
891 2787 1112 2844 seruidor,

903 2875 955 2923 11.
994 2894 1204 2924 vEscouo
1244 2894 1291 2924 DI
1329 2877 1573 2923 MODONA.

198 3013 212 3039 ¹
269 3014 326 3051 Ex
356 3014 597 3061 autographo
628 3014 666 3049 in
702 3014 778 3051 vol.
816 3011 951 3065 Epist.
990 3013 1275 3062 diversorum,
1311 3016 1452 3061 duplici
1493 3015 1596 3060 folio,
1637 3026 1671 3051 n.
1707 3027 1769 3061 40,

171 3077 248 3113 rius
268 3078 290 3112 6
324 3106 332 3114 .

145 3089 167 3124 p
197 3137 213 3162 2
267 3088 509 3177 P÷Silvester
529 3138 736 3176 Landinus.
760 3138 816 3176 Cf.
838 3133 973 3190 Epist.
996 3137 1174 3187 Adixtae,
1197 3145 1221 3177 t.
1244 3150 1287 3186 11,
1309 3151 1395 3186 pag.
1418 3140 1509 3187 692.

340 3296 352 3324 Ι
428 3286 431 3289 ,
