<?xml version="1.0" encoding="UTF-8"?>
<!DOCTYPE html PUBLIC "-//W3C//DTD XHTML 1.0 Transitional//EN"
    "http://www.w3.org/TR/xhtml1/DTD/xhtml1-transitional.dtd">
<html xmlns="http://www.w3.org/1999/xhtml" xml:lang="en" lang="en">
 <head>
  <title>
</title>
<meta http-equiv="Content-Type" content="text/html;charset=utf-8" />
  <meta name='ocr-system' content='tesseract 3.04.00' />
  <meta name='ocr-capabilities' content='ocr_page ocr_carea ocr_par ocr_line ocrx_word'/>
</head>
<body>
  <div class='ocr_page' id='page_1' title='image "./epistolaemixtaee05matruoft_0739.png"; bbox 0 0 2008 3510; ppageno 0'>
   <div class='ocr_carea' id='block_1_1' title="bbox 790 253 1760 305">
    <p class='ocr_par' dir='ltr' id='par_1_1' title="bbox 790 253 1760 305">
     <span class='ocr_line' id='line_1_1' title="bbox 790 253 1760 305; baseline 0.014 -14"><span class='ocrx_word' id='word_1_1' title='bbox 790 265 838 304; x_wconf 92' lang='lat'>14</span> <span class='ocrx_word' id='word_1_2' title='bbox 865 253 1078 293; x_wconf 74' lang='lat' dir='ltr'>Ocromus</span> <span class='ocrx_word' id='word_1_3' title='bbox 1110 263 1207 303; x_wconf 84' lang='lat'>1551</span> <span class='ocrx_word' id='word_1_4' title='bbox 1685 264 1760 305; x_wconf 88' lang='lat'>733</span> 
     </span>
    </p>
   </div>
   <div class='ocr_carea' id='block_1_2' title="bbox 179 351 1817 719">
    <p class='ocr_par' dir='ltr' id='par_1_2' title="bbox 179 351 1817 719">
     <span class='ocr_line' id='line_1_2' title="bbox 180 351 1814 422; baseline 0.002 -18"><span class='ocrx_word' id='word_1_5' title='bbox 180 358 321 404; x_wconf 85' lang='lat' dir='ltr'>simus</span> <span class='ocrx_word' id='word_1_6' title='bbox 351 351 624 418; x_wconf 56' lang='lat' dir='ltr'>noster&#39;Jhs.</span> <span class='ocrx_word' id='word_1_7' title='bbox 658 359 703 405; x_wconf 90' lang='lat' dir='ltr'>in</span> <span class='ocrx_word' id='word_1_8' title='bbox 735 376 815 405; x_wconf 88' lang='lat' dir='ltr'>sua</span> <span class='ocrx_word' id='word_1_9' title='bbox 845 359 1128 406; x_wconf 82' lang='lat' dir='ltr'>sanctissima</span> <span class='ocrx_word' id='word_1_10' title='bbox 1158 375 1267 422; x_wconf 90' lang='lat' dir='ltr'>pace</span> <span class='ocrx_word' id='word_1_11' title='bbox 1298 375 1347 404; x_wconf 88' lang='lat' dir='ltr'>ac</span> <span class='ocrx_word' id='word_1_12' title='bbox 1377 358 1608 405; x_wconf 84' lang='lat' dir='ltr'>charitate.</span> <span class='ocrx_word' id='word_1_13' title='bbox 1642 360 1814 407; x_wconf 89' lang='lat' dir='ltr'>Amen.</span> 
     </span>
     <span class='ocr_line' id='line_1_3' title="bbox 181 432 1816 497; baseline 0.001 -19"><span class='ocrx_word' id='word_1_14' title='bbox 181 432 351 479; x_wconf 85' lang='lat' dir='ltr'>Valent</span> <span class='ocrx_word' id='word_1_15' title='bbox 377 449 555 490; x_wconf 86' lang='lat' dir='ltr'>omnes,</span> <span class='ocrx_word' id='word_1_16' title='bbox 589 445 724 497; x_wconf 90' lang='lat' dir='ltr'>atque</span> <span class='ocrx_word' id='word_1_17' title='bbox 767 434 1005 480; x_wconf 85' lang='lat' dir='ltr'>humilime</span> <span class='ocrx_word' id='word_1_18' title='bbox 1046 433 1245 496; x_wconf 85' lang='lat' dir='ltr'>petimus</span> <span class='ocrx_word' id='word_1_19' title='bbox 1282 432 1487 496; x_wconf 85' lang='lat' dir='ltr'>adjuvari</span> <span class='ocrx_word' id='word_1_20' title='bbox 1529 433 1816 479; x_wconf 85' lang='lat' dir='ltr'>orationibus</span> 
     </span>
     <span class='ocr_line' id='line_1_4' title="bbox 180 507 1816 556; baseline 0.001 -4"><span class='ocrx_word' id='word_1_21' title='bbox 180 518 355 553; x_wconf 85' lang='lat' dir='ltr'>uestrae</span> <span class='ocrx_word' id='word_1_22' title='bbox 386 507 638 554; x_wconf 89' lang='lat' dir='ltr'>admodum</span> <span class='ocrx_word' id='word_1_23' title='bbox 681 508 798 554; x_wconf 77' lang='lat' dir='ltr'>R.dae</span> <span class='ocrx_word' id='word_1_24' title='bbox 832 507 930 556; x_wconf 83' lang='lat' dir='ltr'>P.tis</span> <span class='ocrx_word' id='word_1_25' title='bbox 972 521 1018 554; x_wconf 89' lang='lat' dir='ltr'>et</span> <span class='ocrx_word' id='word_1_26' title='bbox 1058 507 1267 554; x_wconf 85' lang='lat' dir='ltr'>omnium</span> <span class='ocrx_word' id='word_1_27' title='bbox 1312 507 1503 553; x_wconf 86' lang='lat' dir='ltr'>Patrum</span> <span class='ocrx_word' id='word_1_28' title='bbox 1547 519 1816 554; x_wconf 88' lang='lat' dir='ltr'>nostrorum</span> 
     </span>
     <span class='ocr_line' id='line_1_5' title="bbox 179 579 1817 645; baseline 0.002 -19"><span class='ocrx_word' id='word_1_29' title='bbox 179 592 315 643; x_wconf 90' lang='lat' dir='ltr'>atque</span> <span class='ocrx_word' id='word_1_30' title='bbox 340 579 534 627; x_wconf 87' lang='lat' dir='ltr'>fratrum</span> <span class='ocrx_word' id='word_1_31' title='bbox 572 582 649 645; x_wconf 87' lang='lat' dir='ltr'>qui</span> <span class='ocrx_word' id='word_1_32' title='bbox 682 582 741 628; x_wconf 88' lang='lat' dir='ltr'>ibi</span> <span class='ocrx_word' id='word_1_33' title='bbox 772 594 892 630; x_wconf 88' lang='lat' dir='ltr'>sunt.</span> <span class='ocrx_word' id='word_1_34' title='bbox 923 581 1184 640; x_wconf 79' lang='lat' dir='ltr'>Valisoleti,</span> <span class='ocrx_word' id='word_1_35' title='bbox 1220 581 1364 644; x_wconf 77' lang='lat' dir='ltr'><strong>pridie</strong></span> <span class='ocrx_word' id='word_1_36' title='bbox 1397 582 1636 628; x_wconf 88' lang='lat' dir='ltr'>chalendas</span> <span class='ocrx_word' id='word_1_37' title='bbox 1668 583 1817 629; x_wconf 89' lang='lat' dir='ltr'>Octo-</span> 
     </span>
     <span class='ocr_line' id='line_1_6' title="bbox 179 653 1816 719; baseline 0.002 -20"><span class='ocrx_word' id='word_1_38' title='bbox 179 653 270 700; x_wconf 83' lang='lat' dir='ltr'>bris</span> <span class='ocrx_word' id='word_1_39' title='bbox 294 668 429 716; x_wconf 80' lang='lat'>1551.</span> <span class='ocrx_word' id='word_1_40' title='bbox 454 655 669 702; x_wconf 86' lang='lat' dir='ltr'>Vaestrae</span> <span class='ocrx_word' id='word_1_41' title='bbox 693 657 942 703; x_wconf 88' lang='lat' dir='ltr'>admodum</span> <span class='ocrx_word' id='word_1_42' title='bbox 967 656 1112 703; x_wconf 89' lang='lat' dir='ltr'>Rdae.</span> <span class='ocrx_word' id='word_1_43' title='bbox 1135 655 1417 718; x_wconf 86' lang='lat' dir='ltr'>paternitatis</span> <span class='ocrx_word' id='word_1_44' title='bbox 1439 656 1654 719; x_wconf 81' lang='lat' dir='ltr'>indignus</span> <span class='ocrx_word' id='word_1_45' title='bbox 1677 656 1816 716; x_wconf 87' lang='lat' dir='ltr'>filius,</span> 
     </span>
    </p>
   </div>
   <div class='ocr_carea' id='block_1_3' title="bbox 1036 738 1616 786">
    <p class='ocr_par' dir='ltr' id='par_1_3' title="bbox 1036 738 1616 786">
     <span class='ocr_line' id='line_1_7' title="bbox 1036 738 1616 786; baseline 0.003 -2"><span class='ocrx_word' id='word_1_46' title='bbox 1036 738 1228 786; x_wconf 61' lang='grc' dir='ltr'>ΒΕιιΝ.1</span> <span class='ocrx_word' id='word_1_47' title='bbox 1268 755 1328 784; x_wconf 77' lang='lat' dir='ltr'>DE</span> <span class='ocrx_word' id='word_1_48' title='bbox 1366 739 1616 786; x_wconf 58' lang='lat' dir='ltr'>PotANco.</span> 
     </span>
    </p>
   </div>
   <div class='ocr_carea' id='block_1_4' title="bbox 178 819 1815 976">
    <p class='ocr_par' dir='ltr' id='par_1_4' title="bbox 178 819 1815 976">
     <span class='ocr_line' id='line_1_8' title="bbox 243 819 1815 903; baseline 0.002 -20"><span class='ocrx_word' id='word_1_49' title='bbox 243 839 496 901; x_wconf 86' lang='lat' dir='ltr'><em>Inscriptio:</em></span> <span class='ocrx_word' id='word_1_50' title='bbox 531 838 632 898; x_wconf 86' lang='lat' dir='ltr'>Jhs.</span> <span class='ocrx_word' id='word_1_51' title='bbox 659 840 933 886; x_wconf 88' lang='lat' dir='ltr'>Admodum</span> <span class='ocrx_word' id='word_1_52' title='bbox 963 840 1088 886; x_wconf 92' lang='lat' dir='ltr'>Rdo.</span> <span class='ocrx_word' id='word_1_53' title='bbox 1116 819 1314 902; x_wconf 26' lang='lat' dir='ltr'>in&#39;Xpo.</span> <span class='ocrx_word' id='word_1_54' title='bbox 1343 839 1483 898; x_wconf 87' lang='lat' dir='ltr'>Patri,</span> <span class='ocrx_word' id='word_1_55' title='bbox 1514 840 1588 887; x_wconf 88' lang='lat' dir='ltr'>M.</span> <span class='ocrx_word' id='word_1_56' title='bbox 1615 840 1815 903; x_wconf 84' lang='lat' dir='ltr'>Ignatio‚</span> 
     </span>
     <span class='ocr_line' id='line_1_9' title="bbox 178 913 1245 976; baseline 0.003 -19"><span class='ocrx_word' id='word_1_57' title='bbox 178 913 436 975; x_wconf 84' lang='lat' dir='ltr'>praeposito</span> <span class='ocrx_word' id='word_1_58' title='bbox 462 913 657 976; x_wconf 84' lang='lat' dir='ltr'>generali</span> <span class='ocrx_word' id='word_1_59' title='bbox 684 914 916 960; x_wconf 82' lang='lat' dir='ltr'>Societatis</span> <span class='ocrx_word' id='word_1_60' title='bbox 938 914 1048 974; x_wconf 89' lang='lat' dir='ltr'>Jhu.</span> <span class='ocrx_word' id='word_1_61' title='bbox 1083 915 1245 960; x_wconf 89' lang='lat' dir='ltr'>Rome.</span> 
     </span>
    </p>
   </div>
   <div class='ocr_carea' id='block_1_5' title="bbox 756 1107 1236 1233">
    <p class='ocr_par' dir='ltr' id='par_1_5' title="bbox 756 1107 1236 1233">
     <span class='ocr_line' id='line_1_10' title="bbox 928 1107 1071 1142; baseline 0 -1"><span class='ocrx_word' id='word_1_62' title='bbox 928 1109 954 1141; x_wconf 84' lang='lat'>1</span> <span class='ocrx_word' id='word_1_63' title='bbox 963 1107 1071 1142; x_wconf 62' lang='lat' dir='ltr'>soa</span> 
     </span>
     <span class='ocr_line' id='line_1_11' title="bbox 756 1194 1236 1233; baseline 0 -2"><span class='ocrx_word' id='word_1_64' title='bbox 756 1194 994 1233; x_wconf 90' lang='lat' dir='ltr'>ANDREAS</span> <span class='ocrx_word' id='word_1_65' title='bbox 1023 1194 1053 1230; x_wconf 91' lang='lat' dir='ltr'>F</span> <span class='ocrx_word' id='word_1_66' title='bbox 1056 1194 1236 1231; x_wconf 90' lang='lat' dir='ltr'>RUSIUS</span> 
     </span>
    </p>
   </div>
   <div class='ocr_carea' id='block_1_6' title="bbox 494 1280 1498 1328">
    <p class='ocr_par' dir='ltr' id='par_1_6' title="bbox 494 1280 1498 1328">
     <span class='ocr_line' id='line_1_12' title="bbox 494 1280 1498 1328; baseline -0.001 0"><span class='ocrx_word' id='word_1_67' title='bbox 494 1281 705 1328; x_wconf 90' lang='lat' dir='ltr'><strong>PATRI</strong></span> <span class='ocrx_word' id='word_1_68' title='bbox 743 1281 1043 1328; x_wconf 90' lang='lat' dir='ltr'>IGNATIO</span> <span class='ocrx_word' id='word_1_69' title='bbox 1080 1281 1176 1328; x_wconf 80' lang='lat' dir='ltr'>DE</span> <span class='ocrx_word' id='word_1_70' title='bbox 1212 1280 1498 1327; x_wconf 91' lang='lat' dir='ltr'>LOYOLA</span> 
     </span>
    </p>
   </div>
   <div class='ocr_carea' id='block_1_7' title="bbox 649 1372 1341 1425">
    <p class='ocr_par' dir='ltr' id='par_1_7' title="bbox 649 1372 1341 1425">
     <span class='ocr_line' id='line_1_13' title="bbox 649 1372 1341 1425; baseline 0.001 -15"><span class='ocrx_word' id='word_1_71' title='bbox 649 1385 839 1412; x_wconf 73' lang='lat' dir='ltr'>vENETus</span> <span class='ocrx_word' id='word_1_72' title='bbox 871 1386 919 1424; x_wconf 90' lang='lat'>14</span> <span class='ocrx_word' id='word_1_73' title='bbox 947 1385 1148 1412; x_wconf 72' lang='lat' dir='ltr'>ocrossms</span> <span class='ocrx_word' id='word_1_74' title='bbox 1181 1385 1279 1425; x_wconf 86' lang='lat'>1551</span> <span class='ocrx_word' id='word_1_75' title='bbox 1310 1372 1341 1411; x_wconf 72' lang='lat'>².</span> 
     </span>
    </p>
   </div>
   <div class='ocr_carea' id='block_1_8' title="bbox 178 1481 1812 1716">
    <p class='ocr_par' dir='ltr' id='par_1_8' title="bbox 178 1481 1812 1716">
     <span class='ocr_line' id='line_1_14' title="bbox 178 1481 1811 1530; baseline 0.002 -12"><span class='ocrx_word' id='word_1_76' title='bbox 178 1481 278 1530; x_wconf 77' lang='lat' dir='ltr'>Quid</span> <span class='ocrx_word' id='word_1_77' title='bbox 297 1482 438 1518; x_wconf 85' lang='lat' dir='ltr'>sentiat</span> <span class='ocrx_word' id='word_1_78' title='bbox 457 1482 504 1517; x_wconf 91' lang='lat' dir='ltr'>de</span> <span class='ocrx_word' id='word_1_79' title='bbox 525 1481 724 1518; x_wconf 83' lang='lat' dir='ltr'>sodalibus</span> <span class='ocrx_word' id='word_1_80' title='bbox 743 1481 895 1528; x_wconf 87' lang='lat' dir='ltr'>collegii</span> <span class='ocrx_word' id='word_1_81' title='bbox 917 1482 1090 1528; x_wconf 84' lang='lat' dir='ltr'>patavini</span> <span class='ocrx_word' id='word_1_82' title='bbox 1107 1493 1152 1518; x_wconf 91' lang='lat' dir='ltr'>ac</span> <span class='ocrx_word' id='word_1_83' title='bbox 1167 1483 1308 1528; x_wconf 82' lang='lat' dir='ltr'>veneti,</span> <span class='ocrx_word' id='word_1_84' title='bbox 1325 1483 1474 1529; x_wconf 84' lang='lat' dir='ltr'>Ignatio</span> <span class='ocrx_word' id='word_1_85' title='bbox 1489 1484 1811 1530; x_wconf 85' lang='lat' dir='ltr'>aperit.—De1it-</span> 
     </span>
     <span class='ocr_line' id='line_1_15' title="bbox 231 1544 1810 1591; baseline 0.003 -11"><span class='ocrx_word' id='word_1_86' title='bbox 231 1549 396 1581; x_wconf 88' lang='lat' dir='ltr'>terarum</span> <span class='ocrx_word' id='word_1_87' title='bbox 417 1544 742 1590; x_wconf 63' lang='lat' dir='ltr'>studiis—Spem</span> <span class='ocrx_word' id='word_1_88' title='bbox 764 1544 922 1580; x_wconf 85' lang='lat' dir='ltr'>Frusius</span> <span class='ocrx_word' id='word_1_89' title='bbox 942 1545 1057 1580; x_wconf 85' lang='lat' dir='ltr'>habet</span> <span class='ocrx_word' id='word_1_90' title='bbox 1078 1555 1259 1591; x_wconf 84' lang='lat' dir='ltr'>prospere</span> <span class='ocrx_word' id='word_1_91' title='bbox 1275 1546 1404 1582; x_wconf 86' lang='lat' dir='ltr'>omnia</span> <span class='ocrx_word' id='word_1_92' title='bbox 1424 1546 1462 1582; x_wconf 91' lang='lat' dir='ltr'>in</span> <span class='ocrx_word' id='word_1_93' title='bbox 1483 1547 1565 1583; x_wconf 83' lang='lat' dir='ltr'>dies</span> <span class='ocrx_word' id='word_1_94' title='bbox 1585 1547 1810 1585; x_wconf 83' lang='lat' dir='ltr'>obventura.</span> 
     </span>
     <span class='ocr_line' id='line_1_16' title="bbox 229 1607 1812 1654; baseline 0.003 -11"><span class='ocrx_word' id='word_1_95' title='bbox 229 1607 460 1643; x_wconf 84' lang='lat' dir='ltr'>-Andreas</span> <span class='ocrx_word' id='word_1_96' title='bbox 481 1607 718 1654; x_wconf 81' lang='lat' dir='ltr'>Lipomanus</span> <span class='ocrx_word' id='word_1_97' title='bbox 739 1608 882 1643; x_wconf 91' lang='lat' dir='ltr'>bonum</span> <span class='ocrx_word' id='word_1_98' title='bbox 910 1608 947 1643; x_wconf 90' lang='lat' dir='ltr'>in</span> <span class='ocrx_word' id='word_1_99' title='bbox 975 1611 1167 1644; x_wconf 89' lang='lat' dir='ltr'>nostrates</span> <span class='ocrx_word' id='word_1_100' title='bbox 1193 1609 1292 1654; x_wconf 87' lang='lat' dir='ltr'>gerit</span> <span class='ocrx_word' id='word_1_101' title='bbox 1316 1609 1744 1648; x_wconf 88' lang='lat' dir='ltr'>animum.—Rumores</span> <span class='ocrx_word' id='word_1_102' title='bbox 1764 1613 1812 1647; x_wconf 90' lang='lat' dir='ltr'>ad</span> 
     </span>
     <span class='ocr_line' id='line_1_17' title="bbox 227 1669 1465 1716; baseline 0.002 -11"><span class='ocrx_word' id='word_1_103' title='bbox 227 1670 431 1716; x_wconf 84' lang='lat' dir='ltr'>Ignatium,</span> <span class='ocrx_word' id='word_1_104' title='bbox 452 1669 550 1706; x_wconf 89' lang='lat' dir='ltr'>falso</span> <span class='ocrx_word' id='word_1_105' title='bbox 571 1674 638 1705; x_wconf 92' lang='lat' dir='ltr'>aut</span> <span class='ocrx_word' id='word_1_106' title='bbox 659 1669 811 1706; x_wconf 81' lang='lat' dir='ltr'>infirmo</span> <span class='ocrx_word' id='word_1_107' title='bbox 835 1669 1086 1707; x_wconf 73' lang='lat' dir='ltr'>fundamento</span> <span class='ocrx_word' id='word_1_108' title='bbox 1109 1671 1241 1716; x_wconf 88' lang='lat' dir='ltr'>delati,</span> <span class='ocrx_word' id='word_1_109' title='bbox 1262 1682 1465 1708; x_wconf 88' lang='lat' dir='ltr'>evanuere.</span> 
     </span>
    </p>
   </div>
   <div class='ocr_carea' id='block_1_9' title="bbox 977 1775 1007 1824">
    <p class='ocr_par' dir='ltr' id='par_1_9' title="bbox 977 1775 1007 1824">
     <span class='ocr_line' id='line_1_18' title="bbox 977 1775 1007 1824; baseline 0 -28"><span class='ocrx_word' id='word_1_110' title='bbox 977 1775 1007 1824; x_wconf 32' lang='grc' dir='ltr'>ᾗ</span> 
     </span>
    </p>
   </div>
   <div class='ocr_carea' id='block_1_10' title="bbox 173 1863 1810 2600">
    <p class='ocr_par' dir='ltr' id='par_1_10' title="bbox 174 1863 1810 2375">
     <span class='ocr_line' id='line_1_19' title="bbox 244 1863 1810 1929; baseline 0.004 -21"><span class='ocrx_word' id='word_1_111' title='bbox 244 1863 312 1909; x_wconf 92' lang='lat' dir='ltr'>La</span> <span class='ocrx_word' id='word_1_112' title='bbox 344 1863 489 1927; x_wconf 84' lang='lat' dir='ltr'>gratia</span> <span class='ocrx_word' id='word_1_113' title='bbox 518 1875 564 1909; x_wconf 85' lang='lat' dir='ltr'>et</span> <span class='ocrx_word' id='word_1_114' title='bbox 594 1880 702 1926; x_wconf 91' lang='lat' dir='ltr'>pace</span> <span class='ocrx_word' id='word_1_115' title='bbox 744 1863 791 1910; x_wconf 85' lang='lat' dir='ltr'>di</span> <span class='ocrx_word' id='word_1_116' title='bbox 835 1864 1021 1910; x_wconf 86' lang='lat' dir='ltr'>Christo</span> <span class='ocrx_word' id='word_1_117' title='bbox 1062 1876 1218 1911; x_wconf 85' lang='lat' dir='ltr'>nostro</span> <span class='ocrx_word' id='word_1_118' title='bbox 1252 1865 1422 1929; x_wconf 84' lang='lat' dir='ltr'>signor&#39;</span> <span class='ocrx_word' id='word_1_119' title='bbox 1442 1883 1621 1929; x_wconf 88' lang='lat' dir='ltr'>sempre</span> <span class='ocrx_word' id='word_1_120' title='bbox 1651 1867 1734 1914; x_wconf 85' lang='lat' dir='ltr'>stia</span> <span class='ocrx_word' id='word_1_121' title='bbox 1765 1867 1810 1914; x_wconf 86' lang='lat' dir='ltr'>in</span> 
     </span>
     <span class='ocr_line' id='line_1_20' title="bbox 174 1937 1810 2006; baseline 0.003 -22"><span class='ocrx_word' id='word_1_122' title='bbox 174 1937 388 1984; x_wconf 87' lang='lat' dir='ltr'>conforto</span> <span class='ocrx_word' id='word_1_123' title='bbox 414 1951 584 1995; x_wconf 89' lang='lat' dir='ltr'>nostro,</span> <span class='ocrx_word' id='word_1_124' title='bbox 609 1950 692 1991; x_wconf 84' lang='lat' dir='ltr'>ete.</span> <span class='ocrx_word' id='word_1_125' title='bbox 725 1939 881 1985; x_wconf 88' lang='lat' dir='ltr'>Molto</span> <span class='ocrx_word' id='word_1_126' title='bbox 902 1940 1025 1986; x_wconf 85' lang='lat' dir='ltr'>Rdo.</span> <span class='ocrx_word' id='word_1_127' title='bbox 1052 1939 1212 1988; x_wconf 90' lang='lat' dir='ltr'>Padre.</span> <span class='ocrx_word' id='word_1_128' title='bbox 1236 1940 1474 1988; x_wconf 90' lang='lat' dir='ltr'>Hauendo</span> <span class='ocrx_word' id='word_1_129' title='bbox 1493 1941 1810 2006; x_wconf 69' lang='lat' dir='ltr'>lopportunita</span> 
     </span>
     <span class='ocr_line' id='line_1_21' title="bbox 175 2011 1809 2079; baseline 0.004 -22"><span class='ocrx_word' id='word_1_130' title='bbox 175 2012 219 2058; x_wconf 79' lang='lat' dir='ltr'>di</span> <span class='ocrx_word' id='word_1_131' title='bbox 244 2012 438 2058; x_wconf 88' lang='lat' dir='ltr'>scriuere</span> <span class='ocrx_word' id='word_1_132' title='bbox 463 2030 544 2076; x_wconf 87' lang='lat' dir='ltr'>per</span> <span class='ocrx_word' id='word_1_133' title='bbox 568 2014 712 2077; x_wconf 79' lang='lat' dir='ltr'>questi</span> <span class='ocrx_word' id='word_1_134' title='bbox 739 2011 900 2060; x_wconf 85' lang='lat' dir='ltr'>fratelli</span> <span class='ocrx_word' id='word_1_135' title='bbox 927 2014 1030 2060; x_wconf 83' lang='lat' dir='ltr'>miei</span> <span class='ocrx_word' id='word_1_136' title='bbox 1055 2015 1135 2078; x_wconf 74' lang='lat' dir='ltr'>piu</span> <span class='ocrx_word' id='word_1_137' title='bbox 1163 2014 1456 2062; x_wconf 83' lang='lat' dir='ltr'>liberamente</span> <span class='ocrx_word' id='word_1_138' title='bbox 1474 2017 1557 2062; x_wconf 91' lang='lat' dir='ltr'>che</span> <span class='ocrx_word' id='word_1_139' title='bbox 1581 2033 1663 2079; x_wconf 88' lang='lat' dir='ltr'>per</span> <span class='ocrx_word' id='word_1_140' title='bbox 1682 2034 1809 2064; x_wconf 88' lang='lat' dir='ltr'>mez-</span> 
     </span>
     <span class='ocr_line' id='line_1_22' title="bbox 175 2086 1809 2154; baseline 0.003 -22"><span class='ocrx_word' id='word_1_141' title='bbox 175 2086 218 2132; x_wconf 87' lang='lat' dir='ltr'>zi</span> <span class='ocrx_word' id='word_1_142' title='bbox 255 2087 491 2146; x_wconf 84' lang='lat' dir='ltr'>ordinarii‚</span> <span class='ocrx_word' id='word_1_143' title='bbox 527 2087 588 2133; x_wconf 92' lang='lat' dir='ltr'>ho</span> <span class='ocrx_word' id='word_1_144' title='bbox 624 2087 766 2134; x_wconf 85' lang='lat' dir='ltr'>molto</span> <span class='ocrx_word' id='word_1_145' title='bbox 796 2106 821 2133; x_wconf 88' lang='lat' dir='ltr'>a</span> <span class='ocrx_word' id='word_1_146' title='bbox 851 2105 955 2135; x_wconf 90' lang='lat' dir='ltr'>caro</span> <span class='ocrx_word' id='word_1_147' title='bbox 988 2089 1271 2154; x_wconf 82' lang='lat' dir='ltr'>dichiarargli</span> <span class='ocrx_word' id='word_1_148' title='bbox 1302 2091 1382 2152; x_wconf 75' lang='lat' dir='ltr'>piu</span> <span class='ocrx_word' id='word_1_149' title='bbox 1417 2090 1809 2152; x_wconf 87' lang='lat' dir='ltr'>particolarmente</span> 
     </span>
     <span class='ocr_line' id='line_1_23' title="bbox 174 2161 1807 2228; baseline 0.003 -22"><span class='ocrx_word' id='word_1_150' title='bbox 174 2161 277 2224; x_wconf 89' lang='lat' dir='ltr'>quel</span> <span class='ocrx_word' id='word_1_151' title='bbox 303 2162 374 2207; x_wconf 91' lang='lat' dir='ltr'>ch’</span> <span class='ocrx_word' id='word_1_152' title='bbox 395 2162 438 2207; x_wconf 85' lang='lat' dir='ltr'>io</span> <span class='ocrx_word' id='word_1_153' title='bbox 461 2179 655 2208; x_wconf 90' lang='lat' dir='ltr'>conosco</span> <span class='ocrx_word' id='word_1_154' title='bbox 678 2175 723 2208; x_wconf 90' lang='lat' dir='ltr'>et</span> <span class='ocrx_word' id='word_1_155' title='bbox 754 2174 885 2209; x_wconf 89' lang='lat' dir='ltr'>sento</span> <span class='ocrx_word' id='word_1_156' title='bbox 914 2163 1032 2210; x_wconf 82' lang='lat' dir='ltr'>delle</span> <span class='ocrx_word' id='word_1_157' title='bbox 1060 2180 1162 2210; x_wconf 90' lang='lat' dir='ltr'>cose</span> <span class='ocrx_word' id='word_1_158' title='bbox 1190 2165 1236 2210; x_wconf 88' lang='lat' dir='ltr'>di</span> <span class='ocrx_word' id='word_1_159' title='bbox 1266 2181 1377 2228; x_wconf 89' lang='lat' dir='ltr'>qua,</span> <span class='ocrx_word' id='word_1_160' title='bbox 1414 2165 1692 2227; x_wconf 89' lang='lat' dir='ltr'>parendome</span> <span class='ocrx_word' id='word_1_161' title='bbox 1717 2183 1807 2211; x_wconf 88' lang='lat' dir='ltr'>non</span> 
     </span>
     <span class='ocr_line' id='line_1_24' title="bbox 176 2236 1808 2300; baseline 0.003 -19"><span class='ocrx_word' id='word_1_162' title='bbox 176 2236 368 2282; x_wconf 82' lang='lat' dir='ltr'>douerlo</span> <span class='ocrx_word' id='word_1_163' title='bbox 405 2248 540 2293; x_wconf 88' lang='lat' dir='ltr'>tacer,</span> <span class='ocrx_word' id='word_1_164' title='bbox 578 2254 659 2300; x_wconf 89' lang='lat' dir='ltr'>per</span> <span class='ocrx_word' id='word_1_165' title='bbox 690 2238 878 2283; x_wconf 86' lang='lat' dir='ltr'>scaricar</span> <span class='ocrx_word' id='word_1_166' title='bbox 910 2238 949 2284; x_wconf 88' lang='lat' dir='ltr'>la</span> <span class='ocrx_word' id='word_1_167' title='bbox 992 2239 1080 2284; x_wconf 87' lang='lat' dir='ltr'>mia</span> <span class='ocrx_word' id='word_1_168' title='bbox 1110 2239 1395 2295; x_wconf 84' lang='lat' dir='ltr'>conscientia,</span> <span class='ocrx_word' id='word_1_169' title='bbox 1432 2251 1476 2284; x_wconf 87' lang='lat' dir='ltr'>et</span> <span class='ocrx_word' id='word_1_170' title='bbox 1521 2239 1727 2286; x_wconf 76' lang='lat' dir='ltr'>accioche</span> <span class='ocrx_word' id='word_1_171' title='bbox 1767 2240 1808 2286; x_wconf 92' lang='lat' dir='ltr'>la</span> 
     </span>
     <span class='ocr_line' id='line_1_25' title="bbox 177 2311 1077 2375; baseline 0.002 -18"><span class='ocrx_word' id='word_1_172' title='bbox 177 2311 230 2357; x_wconf 91' lang='grc' dir='ltr'>Ρ.</span> <span class='ocrx_word' id='word_1_173' title='bbox 258 2311 317 2357; x_wconf 93' lang='lat' dir='ltr'>V.</span> <span class='ocrx_word' id='word_1_174' title='bbox 343 2311 459 2357; x_wconf 90' lang='lat' dir='ltr'>veda</span> <span class='ocrx_word' id='word_1_175' title='bbox 483 2312 587 2375; x_wconf 88' lang='lat' dir='ltr'>quel</span> <span class='ocrx_word' id='word_1_176' title='bbox 611 2312 694 2357; x_wconf 86' lang='lat' dir='ltr'>che</span> <span class='ocrx_word' id='word_1_177' title='bbox 717 2312 780 2358; x_wconf 88' lang='lat' dir='ltr'>sia</span> <span class='ocrx_word' id='word_1_178' title='bbox 803 2313 1077 2375; x_wconf 85' lang='lat' dir='ltr'>espediente.</span> 
     </span>
    </p>

    <p class='ocr_par' dir='ltr' id='par_1_11' title="bbox 173 2385 1806 2600">
     <span class='ocr_line' id='line_1_26' title="bbox 242 2385 1805 2452; baseline 0.003 -22"><span class='ocrx_word' id='word_1_179' title='bbox 242 2385 636 2443; x_wconf 86' lang='lat' dir='ltr'>Primieramente‚</span> <span class='ocrx_word' id='word_1_180' title='bbox 665 2386 771 2432; x_wconf 87' lang='lat' dir='ltr'>delli</span> <span class='ocrx_word' id='word_1_181' title='bbox 797 2385 959 2433; x_wconf 87' lang='lat' dir='ltr'>fratelli</span> <span class='ocrx_word' id='word_1_182' title='bbox 991 2387 1074 2433; x_wconf 88' lang='lat' dir='ltr'>che</span> <span class='ocrx_word' id='word_1_183' title='bbox 1104 2399 1267 2434; x_wconf 87' lang='lat' dir='ltr'>stanno</span> <span class='ocrx_word' id='word_1_184' title='bbox 1291 2388 1369 2452; x_wconf 87' lang='lat' dir='ltr'>qui</span> <span class='ocrx_word' id='word_1_185' title='bbox 1399 2387 1443 2433; x_wconf 86' lang='lat' dir='ltr'>in</span> <span class='ocrx_word' id='word_1_186' title='bbox 1475 2388 1669 2434; x_wconf 83' lang='lat' dir='ltr'>Venetia</span> <span class='ocrx_word' id='word_1_187' title='bbox 1692 2400 1737 2434; x_wconf 89' lang='lat' dir='ltr'>et</span> <span class='ocrx_word' id='word_1_188' title='bbox 1761 2388 1805 2434; x_wconf 83' lang='lat' dir='ltr'>in</span> 
     </span>
     <span class='ocr_line' id='line_1_27' title="bbox 174 2460 1806 2527; baseline 0.002 -21"><span class='ocrx_word' id='word_1_189' title='bbox 174 2460 345 2518; x_wconf 85' lang='lat' dir='ltr'>Padua,</span> <span class='ocrx_word' id='word_1_190' title='bbox 371 2461 476 2507; x_wconf 79' lang='lat' dir='ltr'>diro</span> <span class='ocrx_word' id='word_1_191' title='bbox 501 2460 654 2524; x_wconf 91' lang='lat' dir='ltr'>quello</span> <span class='ocrx_word' id='word_1_192' title='bbox 677 2461 760 2508; x_wconf 88' lang='lat' dir='ltr'>che</span> <span class='ocrx_word' id='word_1_193' title='bbox 780 2462 839 2508; x_wconf 89' lang='lat' dir='ltr'>mi</span> <span class='ocrx_word' id='word_1_194' title='bbox 861 2479 981 2525; x_wconf 88' lang='lat' dir='ltr'>pare,</span> <span class='ocrx_word' id='word_1_195' title='bbox 1002 2479 1138 2509; x_wconf 89' lang='lat' dir='ltr'>senza</span> <span class='ocrx_word' id='word_1_196' title='bbox 1157 2462 1434 2527; x_wconf 84' lang='lat' dir='ltr'>pregiuditio</span> <span class='ocrx_word' id='word_1_197' title='bbox 1459 2462 1574 2508; x_wconf 89' lang='lat' dir='ltr'>della</span> <span class='ocrx_word' id='word_1_198' title='bbox 1599 2462 1741 2509; x_wconf 72' lang='lat' dir='ltr'>verita</span> <span class='ocrx_word' id='word_1_199' title='bbox 1761 2475 1806 2509; x_wconf 92' lang='lat' dir='ltr'>et</span> 
     </span>
     <span class='ocr_line' id='line_1_28' title="bbox 173 2535 734 2600; baseline 0.005 -19"><span class='ocrx_word' id='word_1_200' title='bbox 173 2535 485 2582; x_wconf 84' lang='lat' dir='ltr'>information&#39;</span> <span class='ocrx_word' id='word_1_201' title='bbox 502 2537 734 2600; x_wconf 85' lang='lat' dir='ltr'>megliore.</span> 
     </span>
    </p>
   </div>
   <div class='ocr_carea' id='block_1_11' title="bbox 170 2684 1804 3166">
    <p class='ocr_par' dir='ltr' id='par_1_12' title="bbox 172 2684 1802 2792">
     <span class='ocr_line' id='line_1_29' title="bbox 172 2684 1802 2733; baseline 0.002 -14"><span class='ocrx_word' id='word_1_202' title='bbox 172 2684 428 2730; x_wconf 83' lang='lat' dir='ltr'>spiritualium</span> <span class='ocrx_word' id='word_1_203' title='bbox 448 2685 659 2720; x_wconf 90' lang='lat' dir='ltr'>amicorum</span> <span class='ocrx_word' id='word_1_204' title='bbox 679 2685 874 2722; x_wconf 88' lang='lat' dir='ltr'>devotioni</span> <span class='ocrx_word' id='word_1_205' title='bbox 898 2697 943 2722; x_wconf 84' lang='lat' dir='ltr'>ao</span> <span class='ocrx_word' id='word_1_206' title='bbox 969 2686 1088 2722; x_wconf 87' lang='lat' dir='ltr'>variis</span> <span class='ocrx_word' id='word_1_207' title='bbox 1108 2686 1182 2732; x_wconf 91' lang='lat' dir='ltr'>piis</span> <span class='ocrx_word' id='word_1_208' title='bbox 1208 2687 1389 2733; x_wconf 87' lang='lat' dir='ltr'>operibus</span> <span class='ocrx_word' id='word_1_209' title='bbox 1415 2685 1693 2722; x_wconf 77' lang='lat' dir='ltr'>satisfaceret».</span> <span class='ocrx_word' id='word_1_210' title='bbox 1721 2684 1802 2722; x_wconf 80' lang='lat' dir='ltr'>PO-</span> 
     </span>
     <span class='ocr_line' id='line_1_30' title="bbox 173 2742 957 2792; baseline 0.003 -10"><span class='ocrx_word' id='word_1_211' title='bbox 173 2754 321 2791; x_wconf 84' lang='lat' dir='ltr'>LANCO,</span> <span class='ocrx_word' id='word_1_212' title='bbox 345 2743 459 2792; x_wconf 71' lang='lat' dir='ltr'>ibid„</span> <span class='ocrx_word' id='word_1_213' title='bbox 479 2757 517 2783; x_wconf 88' lang='lat' dir='ltr'>n.</span> <span class='ocrx_word' id='word_1_214' title='bbox 538 2757 626 2792; x_wconf 87' lang='lat'><strong>320.</strong></span> <span class='ocrx_word' id='word_1_215' title='bbox 953 2742 957 2746; x_wconf 72' lang='grc'>’</span> 
     </span>
    </p>

    <p class='ocr_par' dir='ltr' id='par_1_13' title="bbox 170 2806 1804 3042">
     <span class='ocr_line' id='line_1_31' title="bbox 227 2806 1804 2856; baseline 0.001 -12"><span class='ocrx_word' id='word_1_216' title='bbox 227 2806 240 2831; x_wconf 94' lang='lat'><strong>¹</strong></span> <span class='ocrx_word' id='word_1_217' title='bbox 295 2809 445 2845; x_wconf 86' lang='lat' dir='ltr'>Nomen</span> <span class='ocrx_word' id='word_1_218' title='bbox 466 2809 694 2855; x_wconf 89' lang='lat' dir='ltr'>compendio</span> <span class='ocrx_word' id='word_1_219' title='bbox 715 2810 771 2846; x_wconf 89' lang='lat' dir='ltr'>sic</span> <span class='ocrx_word' id='word_1_220' title='bbox 790 2811 974 2856; x_wconf 89' lang='lat' dir='ltr'>scriptum</span> <span class='ocrx_word' id='word_1_221' title='bbox 996 2814 1071 2856; x_wconf 89' lang='lat' dir='ltr'>est,</span> <span class='ocrx_word' id='word_1_222' title='bbox 1091 2815 1133 2847; x_wconf 89' lang='lat' dir='ltr'>ut</span> <span class='ocrx_word' id='word_1_223' title='bbox 1153 2807 1454 2848; x_wconf 78' lang='lat' dir='ltr'>Bernardz&#39;nus</span> <span class='ocrx_word' id='word_1_224' title='bbox 1481 2811 1684 2856; x_wconf 88' lang='lat' dir='ltr'>legendum</span> <span class='ocrx_word' id='word_1_225' title='bbox 1707 2820 1804 2855; x_wconf 90' lang='lat' dir='ltr'>pro-</span> 
     </span>
     <span class='ocr_line' id='line_1_32' title="bbox 172 2870 1804 2920; baseline 0.001 -15"><span class='ocrx_word' id='word_1_226' title='bbox 172 2870 339 2907; x_wconf 80' lang='lat' dir='ltr'>babilius</span> <span class='ocrx_word' id='word_1_227' title='bbox 359 2871 471 2906; x_wconf 90' lang='lat' dir='ltr'>nobis</span> <span class='ocrx_word' id='word_1_228' title='bbox 491 2871 678 2908; x_wconf 87' lang='lat' dir='ltr'>videatur.</span> <span class='ocrx_word' id='word_1_229' title='bbox 700 2871 778 2908; x_wconf 90' lang='lat' dir='ltr'>Sed</span> <span class='ocrx_word' id='word_1_230' title='bbox 805 2872 844 2908; x_wconf 91' lang='lat' dir='ltr'>in</span> <span class='ocrx_word' id='word_1_231' title='bbox 871 2873 1018 2909; x_wconf 89' lang='lat' dir='ltr'>nullum</span> <span class='ocrx_word' id='word_1_232' title='bbox 1040 2874 1238 2920; x_wconf 90' lang='lat' dir='ltr'>hucusque</span> <span class='ocrx_word' id='word_1_233' title='bbox 1266 2873 1470 2909; x_wconf 83' lang='lat' dir='ltr'>incidimus</span> <span class='ocrx_word' id='word_1_234' title='bbox 1490 2873 1641 2909; x_wconf 86' lang='lat' dir='ltr'>Patrem</span> <span class='ocrx_word' id='word_1_235' title='bbox 1661 2872 1804 2908; x_wconf 87' lang='lat' dir='ltr'>Polan—</span> 
     </span>
     <span class='ocr_line' id='line_1_33' title="bbox 172 2933 1803 2982; baseline 0.001 -14"><span class='ocrx_word' id='word_1_236' title='bbox 172 2942 236 2979; x_wconf 85' lang='lat' dir='ltr'>co,</span> <span class='ocrx_word' id='word_1_237' title='bbox 265 2933 325 2969; x_wconf 87' lang='lat' dir='ltr'>cui</span> <span class='ocrx_word' id='word_1_238' title='bbox 352 2934 429 2969; x_wconf 89' lang='lat' dir='ltr'>tale</span> <span class='ocrx_word' id='word_1_239' title='bbox 454 2944 594 2969; x_wconf 86' lang='lat' dir='ltr'>nomen</span> <span class='ocrx_word' id='word_1_240' title='bbox 620 2935 846 2981; x_wconf 85' lang='lat' dir='ltr'>conveniat,</span> <span class='ocrx_word' id='word_1_241' title='bbox 873 2935 989 2971; x_wconf 89' lang='lat' dir='ltr'>immo</span> <span class='ocrx_word' id='word_1_242' title='bbox 1017 2947 1087 2972; x_wconf 91' lang='lat' dir='ltr'>nec</span> <span class='ocrx_word' id='word_1_243' title='bbox 1120 2937 1194 2973; x_wconf 90' lang='lat' dir='ltr'>hoc</span> <span class='ocrx_word' id='word_1_244' title='bbox 1230 2946 1464 2982; x_wconf 86' lang='lat' dir='ltr'>cognomen,</span> <span class='ocrx_word' id='word_1_245' title='bbox 1492 2936 1591 2972; x_wconf 89' lang='lat' dir='ltr'>inter</span> <span class='ocrx_word' id='word_1_246' title='bbox 1617 2935 1745 2971; x_wconf 89' lang='lat' dir='ltr'>socios</span> <span class='ocrx_word' id='word_1_247' title='bbox 1765 2935 1803 2970; x_wconf 89' lang='lat' dir='ltr'>in</span> 
     </span>
     <span class='ocr_line' id='line_1_34' title="bbox 170 2994 1297 3042; baseline 0.004 -11"><span class='ocrx_word' id='word_1_248' title='bbox 170 2994 359 3042; x_wconf 88' lang='lat' dir='ltr'>Hispania</span> <span class='ocrx_word' id='word_1_249' title='bbox 379 2996 575 3042; x_wconf 89' lang='lat' dir='ltr'>degentes,</span> <span class='ocrx_word' id='word_1_250' title='bbox 597 2996 699 3042; x_wconf 88' lang='lat' dir='ltr'>apud</span> <span class='ocrx_word' id='word_1_251' title='bbox 719 2995 845 3032; x_wconf 89' lang='lat' dir='ltr'>Araoz</span> <span class='ocrx_word' id='word_1_252' title='bbox 866 3000 903 3032; x_wconf 85' lang='lat' dir='ltr'>et</span> <span class='ocrx_word' id='word_1_253' title='bbox 921 2997 1047 3034; x_wconf 91' lang='lat' dir='ltr'>Nadal</span> <span class='ocrx_word' id='word_1_254' title='bbox 1067 2998 1297 3035; x_wconf 87' lang='lat' dir='ltr'>invenimus.</span> 
     </span>
    </p>

    <p class='ocr_par' dir='ltr' id='par_1_14' title="bbox 170 3054 1800 3166">
     <span class='ocr_line' id='line_1_35' title="bbox 224 3054 1800 3110; baseline 0.002 -19"><span class='ocrx_word' id='word_1_255' title='bbox 224 3054 241 3079; x_wconf 71' lang='lat'>²</span> <span class='ocrx_word' id='word_1_256' title='bbox 295 3057 351 3092; x_wconf 89' lang='lat' dir='ltr'>Ex</span> <span class='ocrx_word' id='word_1_257' title='bbox 372 3058 610 3104; x_wconf 87' lang='lat' dir='ltr'>autographo</span> <span class='ocrx_word' id='word_1_258' title='bbox 630 3058 667 3093; x_wconf 93' lang='lat' dir='ltr'>in</span> <span class='ocrx_word' id='word_1_259' title='bbox 689 3059 763 3094; x_wconf 80' lang='lat' dir='ltr'>vol.</span> <span class='ocrx_word' id='word_1_260' title='bbox 786 3055 1127 3109; x_wconf 78' lang='lat' dir='ltr'>Informatz&#39;ones</span> <span class='ocrx_word' id='word_1_261' title='bbox 1146 3057 1366 3110; x_wconf 80' lang='lat' dir='ltr'>antiquae,</span> <span class='ocrx_word' id='word_1_262' title='bbox 1389 3058 1531 3105; x_wconf 88' lang='lat' dir='ltr'>duplici</span> <span class='ocrx_word' id='word_1_263' title='bbox 1554 3058 1659 3103; x_wconf 89' lang='lat' dir='ltr'>folio,</span> <span class='ocrx_word' id='word_1_264' title='bbox 1680 3068 1715 3094; x_wconf 91' lang='lat' dir='ltr'>n.</span> <span class='ocrx_word' id='word_1_265' title='bbox 1738 3068 1800 3105; x_wconf 83' lang='lat'>90,</span> 
     </span>
     <span class='ocr_line' id='line_1_36' title="bbox 170 3118 497 3166; baseline 0.006 -12"><span class='ocrx_word' id='word_1_266' title='bbox 170 3118 276 3165; x_wconf 89' lang='lat' dir='ltr'>prius</span> <span class='ocrx_word' id='word_1_267' title='bbox 298 3120 386 3166; x_wconf 88' lang='lat'>283,</span> <span class='ocrx_word' id='word_1_268' title='bbox 409 3120 497 3165; x_wconf 91' lang='lat'>284.</span> 
     </span>
    </p>
   </div>
  </div>
 </body>
</html>
