2008 3510
617 251 750 291 INDEx
778 263 1049 291 PERSONARUM
1077 263 1133 292 ET
1160 263 1302 291 RERUM

227 358 339 405 legiis
358 358 500 395 nostris
517 359 694 406 adjungi,
720 369 806 407 327,
831 360 931 407 328;⁴

227 424 384 467 rogatur
420 431 443 457 a
478 421 651 467 principe
687 421 840 458 Joanna
878 426 921 459 ut

225 483 554 529 dispensationem
580 483 759 530 impetret
784 495 808 519 a
827 494 921 530 pon-

226 544 329 581 tifice
347 555 417 591 pro
437 545 683 581 matrimonio
703 545 919 582 Eleonorae

226 607 384 644 Manuel
408 618 496 644 cum
525 608 637 644 Petro
657 608 699 645 L.
728 608 919 645 Galceran

225 670 273 706 de
294 669 424 717 Borja,
449 678 541 718 335,
564 667 652 718 336;
672 670 807 707 statuit
826 670 915 706 ado-

226 732 426 778 lescentes,
448 732 513 778 qui
535 732 742 769 Societatis
761 732 915 768 scholas

226 794 482 841 frequentant,
491 795 530 831 in
539 795 644 831 illam
653 795 915 831 admittendos

225 867 302 893 non
321 867 418 903 esse,
439 858 511 893 nisi
527 857 632 904 prius
652 869 675 894 a
690 857 915 904 parentibus

223 920 383 956 obtenta
428 920 668 966 ingrediendi
719 920 914 966 facultate,

226 979 319 1029 363;
346 983 682 1029 neapolitanorum
711 988 818 1020 motu
852 993 915 1020 oc-

222 1043 378 1079 casione
395 1045 594 1090 cujusdam
607 1044 815 1090 candidati,
837 1054 915 1080 non

222 1110 498 1152 commovetur,
511 1103 557 1153 36
564 1115 597 1154 5;
606 1106 802 1143 Canisium
810 1110 916 1142 creat

223 1166 451 1204 Germaniae
476 1169 738 1214 praepositum
758 1168 913 1214 provin-

222 1229 373 1275 cialem,
392 1239 479 1277 371,
500 1240 587 1278 372;
603 1231 798 1277 praesagit
813 1240 916 1266 mor·

222 1296 298 1327 tem
319 1292 444 1328 Patris
458 1293 591 1338 Olave,
607 1302 698 1341 431;
719 1303 816 1339 quos
830 1293 912 1338 ipse

221 1364 358 1390 sensus
383 1354 423 1390 in
456 1355 656 1391 sodalibus
687 1365 758 1391 sua
792 1358 914 1391 morte

222 1416 459 1463 excitaverit,
479 1427 574 1465 432,
595 1417 692 1465 458,
713 1414 801 1465 460,
821 1415 912 1465 461,

219 1479 311 1526 487,
333 1489 423 1528 490,
444 1488 536 1528 495,
566 1488 653 1527 5¹1,
678 1488 765 1527 527;
786 1479 914 1515 socios

221 1541 260 1577 in
285 1541 421 1588 Belgio
448 1542 722 1578 adlaborantes
748 1551 818 1587 pro
845 1541 913 1578 So-

152 1649 161 1651 <
219 1604 358 1640 cietate
378 1605 491 1650 juvat
515 1615 535 1640 e
563 1605 689 1650 caelo,
716 1613 811 1652 532;
833 1604 915 1640 vult

220 1671 262 1702 ut
298 1665 446 1703 Erasmi
489 1666 670 1713 «Copia»
706 1667 754 1702 ab
792 1667 914 1703 scho-

221 1729 269 1765 lis
301 1728 505 1766 Societatis
534 1733 788 1772 removeatur,
824 1738 912 1777 535;

217 1792 409 1829 Joannem
428 1793 625 1839 Verdolay
653 1793 702 1828 ad
728 1792 914 1829 Societa-

221 1859 298 1890 tem
337 1855 472 1900 allicit,
510 1864 602 1903 555,
645 1853 741 1903 556;
780 1855 914 1892 statuit

220 1920 264 1951 ut
310 1916 390 1952 suis
444 1916 708 1962 superioribus
759 1917 914 1952 sodales

220 1979 405 2027 scribant,
429 1976 524 2024 662;
553 1989 630 2014 non
657 1979 793 2015 annuit
812 1979 914 2014 votis

223 2040 522 2076 marchionissae
538 2041 746 2087 bergensis,
762 2041 915 2077 Patrem

222 2102 413 2138 Gaudano
439 2104 487 2138 ad
515 2103 727 2139 excolenda
752 2113 822 2139 sua
848 2113 914 2149 op-

220 2165 312 2211 pida
345 2165 609 2212 deposcentis,
641 2162 738 2213 675;
773 2166 914 2211 exigua

220 2228 404 2275 collegia,
439 2229 564 2265 minus
596 2239 710 2275 quam
744 2228 817 2265 XII
849 2234 914 2264 aut

221 2289 311 2326 XIII
332 2292 485 2327 sodales
502 2291 699 2335 habentia,
721 2300 799 2327 non
818 2291 912 2335 vult,

223 2361 318 2400 754;
340 2352 528 2389 cardinali
555 2352 747 2387 Mendoza
767 2362 912 2388 morem

221 2414 336 2460 gerit,
359 2411 454 2460 760;
484 2424 503 2450 e
529 2414 724 2450 societate
745 2414 914 2450 demittit

222 2476 429 2512 Henricum
450 2477 497 2511 de
517 2477 555 2512 la
570 2476 711 2521 Cueva,
735 2476 822 2523 813;
845 2476 914 2512 Pa-

223 2539 270 2574 tri
306 2538 523 2574 Salmeroni
552 2538 715 2585 injungit
740 2542 781 2574 ut
806 2549 914 2584 prae-

223 2600 392 2646 positum
435 2601 658 2646 provinciae
707 2600 914 2636 flandricae

226 2662 432 2708 renuntiet,
458 2659 554 2711 466;
581 2674 615 2698 v.
646 2672 712 2710 24,
748 2659 815 2709 36,
852 2670 912 2710 55,

230 2734 320 2771 173,
349 2725 560 2771 180,183,
588 2734 681 2772 251,
706 2721 800 2770 261,
823 2725 912 2770 280,

226 2796 319 2833 322,
350 2783 443 2833 326,
468 2796 564 2834 4ι2,
590 2783 687 2834 416,
709 2795 799 2834 447,
820 2796 911 2834 457,

223 2857 320 2896 472,
347 2848 445 2897 489,
468 2859 564 2897 499,
588 2857 682 2896 502,
708 2848 799 2896 558,
825 2857 912 2895 570,

227 2919 320 2958 577,
350 2910 442 2957 587,
464 2907 559 2956 602,
587 2907 683 2957 603,
705 2907 800 2956 607,
822 2907 912 2957 630,

224 2969 319 3019 631,
346 2969 441 3019 635,
470 2966 682 3020 636,“640,
703 2968 799 3019 643,
821 2967 911 3020 647,

223 3031 321 3082 648,
347 3031 443 3079 660,
471 3031 568 3083 669,
589 3030 684 3081 678,
706 3030 801 3083 691,
822 3031 911 3082 692,

225 3106 320 3144 711,
349 3105 444 3143 712,
472 3092 567 3143 716,
589 3105 683 3143 721,
705 3105 799 3142 722,
821 3092 911 3142 726,

1612 253 1693 305 857

1049 359 1146 407 728,
1176 369 1270 408 729,
1300 369 1395 408 735,
1418 370 1513 409 740,
1535 370 1630 410 742,
1652 371 1742 410 745,

1049 430 1140 470 755,
1172 419 1268 470 756,
1299 423 1394 470 758,
1417 421 1512 470 762,
1535 421 1628 472 767,
1651 422 1742 472 768,

1053 493 1144 531 770,
1167 482 1256 532 786,
1280 485 1370 532 787·

992 547 1184 593 Ignatius,
1223 559 1260 584 v.
1306 548 1512 595 Martinez,
1557 550 1742 596 Ignatius;

1046 609 1243 654 Azevedo,
1265 610 1440 656 Ignatius
1459 612 1522 648 de.

990 671 1118 707 Ilerda
1155 669 1346 721 (Lerida),
1382 683 1485 719 opp.,
1518 670 1615 722 647,
1650 670 1740 722 648;

1045 733 1251 780 episcopus
1279 734 1500 780 ilerdensis,
1522 746 1558 778 v,
1579 735 1740 782 Loaces‚

1044 795 1327 833 Ferdinandus.

990 856 1127 902 Imola‚
1148 867 1251 903 opp.,
1275 867 1367 905 34¹·

989 919 1216 965 Indevedra,
1239 930 1341 966 opp.,
1365 931 1412 955 22
1421 930 1455 968 5.

989 983 1110 1029 India,
1132 984 1250 1030 regio,
1274 995 1342 1033 29,
1369 985 1434 1031 38,
1459 984 1527 1030 82,
1551 982 1737 1033 274-276,

1045 1041 1143 1094 296,
1162 1043 1261 1095 690,
1280 1044 1377 1095 692,
1399 1056 1470 1093 701
1485 1075 1494 1091 ,
1517 1047 1612 1093 803;
1634 1047 1739 1084 testi-

1042 1108 1174 1144 monia
1194 1110 1241 1145 de
1261 1108 1419 1145 Xaverii
1441 1109 1639 1145 miraculis
1660 1110 1740 1146 col-

1042 1171 1223 1217 liguntur,
1252 1181 1347 1220 275;
1374 1172 1506 1208 Indiae
1536 1172 1735 1218 epistolae,

1049 1242 1134 1279 133,
1162 1230 1245 1281 156.

988 1295 1270 1340 Ingolstadium
1308 1292 1592 1344 (Ingolstadt),
1634 1305 1723 1342 opp.

1042 1356 1220 1393 Canisius
1240 1358 1401 1404 accedit,
1423 1358 1471 1394 de
1495 1357 1660 1404 collegio
1680 1358 1739 1394 in-

1042 1419 1239 1455 stituendo
1273 1424 1444 1464 acturus,
1475 1429 1542 1468 74;
1574 1431 1610 1456 v.
1649 1429 1737 1467 323,

1045 1478 1140 1530 369,
1178 1491 1277 1529 472,
1319 1479 1508 1531 582-586,
1548 1479 1738 1531 609-611‚

1043 1552 1132 1591 714.

988 1604 1235 1641 Innocentius
1268 1605 1376 1651 VIII,
1411 1605 1586 1652 pontifex
1619 1606 1740 1642 maxi-

1042 1677 1138 1712 mus,
1161 1677 1255 1717 479.

986 1729 1213 1775 Innspruck,
1235 1741 1337 1776 opp.,
1358 1741 1395 1766 v.
1420 1729 1631 1776 Oenipons.

987 1791 1138 1828 Insulae
1161 1791 1304 1841 (Lille),
1328 1803 1429 1838 opp.,
1456 1789 1544 1839 361,
1570 1789 1658 1839 362.

988 1853 1203 1890 Isiodorum
1244 1859 1282 1890 et
1324 1854 1509 1890 Issorium
1547 1852 1737 1904 (Issoire),

1042 1926 1148 1962 opp.,
1171 1917 1263 1953 281.

988 1977 1096 2022 Itala,
1119 1988 1222 2024 opp.,
1249 1978 1337 2024 138.

988 2040 1118 2087 Italia,
1144 2041 1271 2087 regio,
1305 2037 1373 2087 76,
1408 2051 1497 2088 103,
1533 2051 1623 2087 111,
1649 2051 1736 2088 322,

1045 2111 1141 2150 355,
1161 2114 1257 2151 402,
1285 2113 1381 2150 403,
1408 2113 1507 2151 474,
1526 2114 1623 2152 499,
1647 2103 1735 2151 583,

1043 2161 1132 2212 651,
1155 2161 1244 2212 652,
1269 2174 1356 2213 729.

1346 2303 1378 2343 J

986 2411 1166 2458 Jacobus,
1190 2411 1308 2456 Stus.,
1331 2411 1419 2455 228,
1443 2420 1530 2458 520.

986 2473 1175 2520 Jacobus,
1196 2473 1236 2510 S.
1263 2473 1309 2519 J.,
1338 2473 1585 2518 florentinus,
1608 2473 1736 2509 incola

1041 2536 1233 2583 gymnasii
1254 2536 1457 2581 florentini,
1481 2544 1572 2583 205.

986 2599 1173 2645 Jacobus,
1202 2598 1242 2635 S.
1267 2598 1314 2643 J.,
1343 2597 1621 2643 messanensis,
1649 2607 1734 2645 13¹3

1042 2662 1146 2708 degit
1186 2662 1374 2708 Bibonae,
1425 2662 1498 2709 348
1538 2666 1575 2697 et
1611 2672 1734 2708 seqq„

1043 2724 1172 2770 ibique
1194 2724 1364 2769 moritur,
1389 2732 1476 2771 544,
1501 2723 1591 2771 588.

986 2786 1156 2822 Jacobus
1176 2786 1351 2832 quidam,
1371 2790 1415 2821 ut
1434 2785 1585 2821 videtur
1605 2784 1734 2821 candi-

1040 2849 1154 2884 datus
1175 2846 1383 2883 Societatis
1403 2846 1557 2892 Romae,
1584 2855 1670 2895 197.

986 2910 1092 2955 Jaen,
1112 2910 1153 2946 P.
1173 2910 1353 2955 Joannes,
1376 2909 1415 2945 S.
1436 2909 1482 2954 J„
1507 2909 1598 2958 819.

985 2972 1094 3016 Jaen,
1116 2982 1218 3017 opp.,
1239 2982 1273 3007 v.
1298 2970 1518 3007 Giennium.

985 3033 1104 3078 Jaius,
1124 3033 1164 3069 P.
1186 3032 1381 3077 Claudius,
1404 3032 1442 3068 S.
1462 3032 1509 3078 «1.,
1535 3032 1619 3080 198,
1642 3027 1732 3078 603,

1041 3092 1131 3143 652,
1152 3091 1242 3142 654,
1263 3091 1352 3142 656,
1373 3091 1464 3141 657,
1487 3103 1579 3141 714-
