2008 3510
743 242 789 281 14
818 231 1032 270 Ocrossms
1064 242 1159 280 1551
1635 240 1712 280 737

133 347 251 382 tat-se
277 335 388 382 nelle
418 352 519 381 cose
549 335 843 393 dhumanita,
869 335 1136 399 parendomi
1161 335 1259 394 che,
1286 351 1379 380 non
1405 333 1616 381 hauendo
1640 351 1766 381 corn-

133 427 286 474 pagno
309 411 367 456 da
389 408 585 456 conferir
610 421 654 455 et
678 409 916 472 disputar',
943 409 1119 456 bastera
1144 426 1225 472 per
1249 421 1411 473 questo
1442 425 1562 455 anno
1586 426 1615 454 o
1641 425 1767 455 mez-

134 503 194 531 zo
219 485 393 549 pigliar’
415 483 613 548 generali
637 484 886 547 cognitioni
911 484 1160 530 solamente
1185 483 1300 530 delle
1331 483 1430 539 arti,
1464 495 1522 540 et,
1548 482 1767 546 piacendo

134 559 172 604 al
205 560 390 622 Signor,
423 559 457 605 si
492 558 715 621 potrebbe
747 559 821 621 poi
858 558 1203 622 accompagnar'
1223 575 1309 604 con
1350 557 1515 603 Fuluio
1545 569 1590 603 et
1621 557 1767 604 alcuni

134 633 251 691 altri,
278 651 357 697 per
381 632 464 680 far'
487 651 548 679 vn
575 633 699 679 buon
724 650 855 679 corso
880 645 924 680 et
947 634 1170 679 essercitio
1197 633 1312 678 nella
1334 632 1538 689 filosofia,
1562 644 1648 680 etc.

201 709 423 771 Gasparo,
450 709 685 771 paduano,
711 708 735 752 ἐ
761 708 804 753 di
839 709 993 754 buona
1026 708 1226 772 capacita
1258 725 1340 771 per
1371 707 1524 752 andar'
1546 706 1697 753 inanzi
1723 706 1770 752 in

134 783 244 847 ogni
271 781 462 839 faculta,
498 782 710 828 hauendo
740 782 814 844 gia
847 783 1073 829 mediocre
1104 782 1367 828 instruttion
1400 781 1444 827 di
1479 781 1652 827 latinita
1678 797 1702 826 e
1725 781 1770 827 di

135 857 276 904 buoni
301 857 514 915 costumi,
541 856 713 902 bench&
740 873 801 902 vn
825 873 940 919 poco
971 857 1206 920 gagliardo
1236 854 1491 903 dintelletto
1521 866 1566 900 et
1596 854 1770 913 affetto,

135 947 210 977 ma
234 929 491 977 facilmente
513 930 547 976 si
574 929 853 992 ricognosce.

203 1005 420 1051 Lorenzo
446 1020 535 1050 non
562 1018 719 1049 manca
742 1004 788 1050 d'
808 1004 1024 1068 ingegno,
1049 1017 1095 1050 et
1118 1021 1174 1050 va
1198 1019 1328 1049 come
1351 1002 1410 1049 da
1429 1019 1535 1066 pare
1555 1002 1657 1049 nelli
1676 1013 1772 1048 stu-

134 1079 180 1126 di
205 1096 293 1126 con
316 1079 542 1142 Gasparo3
577 1095 651 1123 ma
680 1077 766 1141 egli
792 1078 816 1124 ἐ
843 1079 950 1124 assai
976 1078 1021 1125 di
1048 1078 1128 1141 piu
1161 1077 1322 1124 debole
1353 1077 1698 1140 complessione.
1728 1076 1770 1123 Si

135 1171 192 1200 va
217 1153 433 1200 aiutando
457 1169 543 1198 con
571 1151 609 1196 la
634 1151 780 1214 gratia
803 1152 850 1199 d'
870 1153 1004 1199 Iddio
1031 1152 1144 1199 nelle
1169 1152 1280 1198 altre
1309 1152 1438 1214 parti.

200 1227 396 1274 Thadeo
417 1226 446 1283 ¹,
479 1226 672 1289 giouene
695 1242 861 1284 senese,
896 1244 976 1290 per
1005 1227 1136 1273 esser’
1156 1238 1274 1272 stato
1298 1237 1520 1289 occupato
1550 1226 1594 1272 in
1626 1226 1770 1272 serui-

136 1301 182 1347 tii
208 1302 252 1348 di
278 1318 391 1358 casa,
419 1312 464 1347 et
489 1310 717 1346 monstrat
750 1317 807 1346 vn
841 1317 958 1364 poco
987 1301 1033 1348 di
1065 1300 1297 1364 stupidita·
1315 1299 1387 1346 del
1419 1316 1550 1346 senso
1581 1300 1771 1357 natural,

135 1393 181 1422 sa
206 1393 322 1439 poco
341 1394 369 1422 o
390 1376 553 1422 niente.
580 1373 759 1419 Adesso
782 1375 1004 1421 comincia
1023 1392 1048 1421 a
1065 1374 1268 1431 studiar'‚
1292 1386 1338 1420 et
1360 1373 1394 1420 si
1419 1374 1587 1420 vedera
1611 1374 1639 1420 il
1661 1391 1771 1437 pro-

136 1450 250 1497 fitto.
277 1451 381 1496 Alle
406 1451 530 1497 volte
556 1453 590 1498 si
618 1458 752 1494 troua
778 1450 1046 1514 trauagliato
1072 1450 1116 1496 di
1142 1450 1315 1512 spirito.

199 1524 422 1585 Gioanne‚
450 1526 744 1590 piemontese,
770 1525 794 1571 ἐ
819 1525 864 1571 di
890 1524 1122 1588 gagliarda
1145 1522 1475 1586 complessione
1493 1522 1537 1568 di
1563 1539 1704 1585 corpo
1726 1533 1773 1568 et

135 1599 180 1646 di
206 1600 314 1645 assai
342 1599 494 1647 buona
523 1602 727 1656 volunta,
759 1617 832 1645 ma
856 1616 917 1645 vn
950 1615 1066 1661 poco
1093 1610 1261 1661 troppo
1294 1597 1507 1660 semplice
1537 1608 1582 1642 et
1611 1613 1772 1660 grosso

135 1673 207 1719 alli
233 1674 375 1731 studi,
407 1691 497 1721 non
533 1677 736 1740 potendo
767 1673 850 1720 far'
871 1690 1010 1719 senon
1049 1689 1166 1735 poco
1206 1686 1451 1735 progresso
1494 1670 1593 1717 nelli
1638 1670 1771 1734 primi

135 1764 360 1812 principij.

202 1823 406 1881 Andrea,
433 1824 647 1887 giouene,
674 1841 754 1887 per
782 1821 1014 1869 infermita
1038 1832 1083 1867 et
1107 1819 1354 1868 deformita
1379 1820 1630 1883 corporale,
1656 1820 1773 1866 sola·-

137 1908 287 1942 mente
314 1897 338 1942 e
365 1915 455 1960 per⁴
473 1899 642 1945 seruire
667 1899 713 1944 in
751 1897 941 1961 qualche
975 1896 1225 1942 ministerio
1255 1895 1530 1951 domestico,
1562 1894 1590 1940 il
1621 1894 1703 1941 che
1729 1893 1773 1940 fa

136 1987 221 2016 con
249 1971 389 2017 molta
412 1973 551 2018 carita
571 1984 615 2018 et
639 1972 892 2018 diuotione.

202 2045 334 2090 Delle
359 2045 467 2092 altre
491 2063 607 2103 cose,
632 2063 762 2092 come
781 2045 852 2091 del
877 2045 1037 2091 ordine
1061 2044 1163 2090 delli
1184 2043 1321 2100 studi,
1346 2044 1379 2089 si
1408 2041 1454 2088 fa
1473 2059 1602 2088 come
1620 2042 1653 2088 si
1678 2045 1772 2105 puo

136 2118 316 2182 meglio.
352 2120 446 2181 Qui
483 2121 517 2166 si
550 2119 595 2166 fa
623 2120 797 2178 schola,
829 2131 873 2165 et
911 2136 996 2164 con
1028 2118 1246 2164 difficulta
1278 2118 1528 2164 veniranno
1558 2117 1771 2173 auditori,

136 2209 276 2239 senon
302 2194 551 2257 giouanetti
579 2206 623 2241 et
648 2195 762 2258 puti,
788 2211 868 2257 per
892 2210 1035 2240 essere
1063 2193 1321 2255 pochissimi
1348 2192 1390 2238 in
1419 2191 1609 2237 Venetia
1632 2191 1714 2236 che
1737 2191 1771 2237 si

136 2266 355 2313 delettino
379 2268 435 2314 de
459 2269 595 2326 studi,
621 2286 750 2315 come
775 2278 904 2314 sento
930 2267 1046 2314 dire:
1072 2278 1116 2312 et
1146 2267 1207 2312 ho
1233 2267 1403 2312 veduto
1428 2266 1509 2311 che
1536 2265 1605 2310 nel
1632 2265 1772 2328 luogo

136 2340 239 2386 delli
265 2341 400 2407 studij
430 2342 613 2404 publici,
638 2343 720 2389 che
745 2343 768 2388 ἐ
795 2358 1009 2405 appresso
1044 2352 1090 2387 et
1119 2358 1172 2386 su
1203 2341 1244 2386 la
1274 2340 1405 2403 piaza
1437 2340 1481 2386 di
1515 2340 1558 2386 S.
1589 2339 1769 2397 Marco,

138 2431 228 2460 non
253 2416 286 2461 si
312 2414 357 2461 fa
381 2417 506 2479 quasi
540 2417 703 2464 niente.
732 2417 886 2463 Credo
911 2416 1024 2462 bene
1056 2415 1139 2461 che
1169 2416 1238 2461 col
1271 2427 1444 2477 tempo,
1475 2413 1770 2477 acquistando

138 2488 290 2535 buona
315 2488 435 2535 fama
461 2501 621 2554 questo
647 2491 786 2554 luogo
814 2491 967 2553 (come
992 2490 1067 2553 gia
1091 2490 1312 2536 comincia
1343 2506 1423 2552 per
1457 2487 1673 2534 beneficio
1698 2487 1767 2534 di-

139 2562 288 2624 uino),
313 2579 477 2609 ancora
499 2565 581 2610 che
606 2564 668 2609 sia
692 2565 836 2610 molto
860 2564 1127 2611 discomodo
1151 2575 1324 2627 quanto
1349 2563 1386 2608 al
1412 2562 1518 2618 sit0‚
1552 2562 1652 2624 pur'
1673 2563 1770 2606 sara

138 2635 282 2681 molto
306 2634 610 2700 frequentato,
636 2638 948 2700 spetialmente
973 2654 1053 2700 per
1079 2637 1116 2684 le
1137 2654 1239 2684 cose
1257 2635 1490 2700 spirituali,
1516 2652 1646 2681 come
1661 2652 1771 2682 con-

138 2708 335 2766 fessioni,
363 2711 574 2773 prediche
593 2723 638 2757 et
661 2711 833 2758 lettioni
859 2729 1000 2768 sacre3
1020 2722 1066 2758 et
1083 2728 1128 2757 se
1153 2728 1245 2757 non
1267 2710 1328 2756 m'
1349 2711 1546 2772 inganna
1571 2709 1598 2754 il
1625 2708 1769 2755 molto

136 2784 376 2841 desiderio,
401 2786 500 2831 sara
529 2802 591 2830 vn
615 2785 840 2849 singolare
869 2784 1050 2849 refugio
1080 2785 1182 2832 delli
1211 2785 1350 2832 buoni
1377 2796 1422 2830 et
1451 2783 1657 2830 catholici
1688 2800 1770 2846 per

137 2858 400 2904 assicurarse
430 2859 545 2906 dalle
576 2859 691 2906 male
725 2860 797 2905 vie
827 2871 872 2907 et
903 2861 1139 2923 prattiche,
1170 2861 1251 2907 che
1287 2876 1436 2906 vanno
1468 2858 1613 2904 molto
1644 2859 1770 2904 inan-

137 2947 196 2988 zi,
220 2943 302 2978 etc.

193 3092 204 3116 ¹
260 3094 290 3131 T
295 3095 493 3131 haddaeus
512 3094 710 3140 Amaroni,
732 3095 917 3132 senensis.
940 3091 1073 3144 Epist.
1095 3092 1276 3142 llffixtae,
1298 3100 1322 3132 t.
1346 3104 1401 3142 IV,
1422 3106 1509 3142 pag.
1534 3096 1622 3143 580.

261 3177 436 3206 Emswmz
461 3177 614 3214 Manu,
638 3186 720 3206 τοΜ.
747 3187 776 3210 ν,
1604 3185 1643 3214 47
