2008 3510
308 232 385 281 654
772 229 1009 268 prsTOLAE
1037 230 1364 282 Momm—1267

318 338 573 399 Inscriptio:
598 337 630 398 {-
654 336 716 382 Al
741 353 850 399 muy
879 337 1001 383 Rdo.
1028 340 1177 395 sefior,
1203 348 1398 384 maestro
1424 337 1606 401 Ignatio
1636 337 1694 384 de
1725 336 1885 402 Loyo-

255 411 308 468 la,
333 410 515 474 general
541 411 612 457 del
637 409 828 474 collegio
859 410 916 457 de
947 410 1048 470 Jhs.
1080 427 1136 456 en
1170 411 1344 469 Roma,
1377 411 1438 457 mi
1470 416 1619 459 sefior.
1647 416 1794 459 Manu
1819 413 1882 460 P.

255 486 456 532 Polanco:
483 485 629 549 Copia
653 485 710 532 de
734 502 824 532 vna
848 485 919 532 del
946 485 1209 549 corregidor
1236 486 1293 533 de
1317 486 1598 534 Valladolid.

999 681 1024 714 1
1034 679 1135 715 72ss⁸?

812 776 1042 813 ELPIDIUS
1071 776 1327 813 UGOLETTI

571 872 780 919 PATRI
817 871 1117 919 IGNATIO
1154 872 1248 918 DE
1287 871 1572 918 LOYOLA

757 977 931 1005 PATAvro
961 976 1011 1016 27
1041 976 1196 1004 APRILIS
1230 966 1329 1017 1548
1363 965 1389 1005 ¹.

260 1078 397 1115 Socios
418 1077 514 1113 bene
535 1076 682 1122 valere,
705 1075 812 1122 dicit,
834 1086 911 1111 uno
932 1078 1094 1121 excepto
1115 1075 1155 1112 P.
1176 1075 1331 1122 Lainez,
1353 1075 1417 1122 qui
1439 1075 1477 1111 in
1498 1075 1723 1112 febriculam
1744 1075 1888 1114 incidit.

307 1138 923 1187 —Spiritualem-possessionem
945 1139 1156 1185 prioratus,
1182 1138 1223 1175 B.
1246 1139 1393 1175 Mariae
1414 1139 1670 1185 Magdalenae
1693 1139 1802 1186 dicti,
1823 1151 1890 1186 pu-

308 1204 408 1240 blice
431 1204 587 1240 sodales
608 1203 729 1239 nostri
753 1202 1192 1249 ceperunt.—Venetias
1213 1202 1354 1238 Lainez
1375 1206 1411 1238 et
1429 1196 1727 1249 Jaius'profecti.

1059 1315 1091 1368 ἦ-

323 1407 392 1454 La
424 1422 606 1452 summa
640 1405 785 1469 gratia
822 1415 868 1450 et
908 1405 1051 1450 amor’
1078 1404 1122 1450 di
1161 1404 1346 1450 Christo
1376 1404 1440 1452 N.
1467 1405 1510 1453 S.
1535 1405 1598 1451 sia
1631 1406 1809 1468 sempr-e
1844 1404 1891 1451 in

257 1493 414 1528 nostro
439 1481 659 1528 continuo
684 1479 830 1526 fauor'
851 1491 897 1526 et
920 1480 1077 1526 aiutto.
1106 1481 1276 1527 Amen.
1309 1481 1485 1542 Questa
1516 1481 1614 1526 serzi
1644 1481 1892 1527 solamente

257 1574 337 1620 per
377 1557 568 1603 hauisar'
590 1555 629 1601 la
667 1555 728 1602 R.
765 1555 824 1602 V.
867 1555 984 1600 com'
1006 1554 1111 1600 tutti
1149 1572 1230 1616 per
1261 1556 1405 1618 gratia
1438 1554 1509 1602 del
1545 1554 1724 1619 Signor'
1745 1567 1892 1602 stamo

257 1633 385 1689 bene,
410 1641 556 1678 ecetto
581 1631 673 1677 don
701 1629 909 1676 Giacobo
929 1628 961 1690 ἦ,
988 1629 1015 1675 il
1047 1628 1196 1692 qualle
1226 1646 1271 1675 se
1303 1630 1420 1676 senti
1447 1630 1557 1676 hieri
1592 1647 1653 1676 un
1686 1647 1802 1693 poco
1836 1630 1893 1677 de

257 1706 403 1764 febre3
439 1723 513 1752 ma
545 1705 682 1751 c'redo
715 1704 797 1750 che
832 1704 894 1749 sia
928 1714 1124 1750 uenutto
1157 1720 1237 1767 per
1269 1706 1401 1751 esser'
1421 1704 1499 1761 lui,
1525 1705 1570 1751 in
1596 1705 1740 1769 questi
1775 1705 1892 1768 parti

256 1781 589 1844 specialmente‚
608 1778 724 1826 cossi
750 1778 914 1835 stitico,
939 1779 1021 1825 che
1045 1778 1170 1825 suole
1195 1780 1300 1825 star'
1329 1793 1382 1841 15
1410 1778 1556 1842 giorni
1580 1796 1717 1825 senza
1738 1778 1892 1825 hauer'

257 1854 475 1902 beneficio
507 1854 568 1900 dil
593 1870 757 1916 corp0,
789 1851 983 1899 facendo
1015 1853 1123 1916 ogni
1156 1853 1319 1916 giorno
1352 1853 1546 1918 rimedij,
1579 1864 1624 1899 et
1655 1853 1693 1899 al
1729 1852 1893 1899 ultimo

257 1930 447 1993 bisogna
470 1929 553 1975 che
577 1928 696 1974 uada
718 1944 804 1973 con
829 1927 1063 1986 seruiciali,
1089 1939 1196 1985 etc.;
1216 1939 1261 1974 et
1285 1930 1396 1991 pero
1416 1945 1560 1991 penso
1575 1928 1658 1974 che
1683 1945 1773 1975 non
1795 1928 1893 1974 sard

258 2003 423 2059 niente,
449 2002 640 2048 essendo
667 2001 728 2047 lui
757 2001 891 2047 solito
916 2018 941 2047 a
964 2001 1097 2065 patir'
1117 2001 1260 2048 simile
1285 2001 1524 2050 difficulta.

325 2078 360 2124 Il
388 2078 535 2125 Padre
559 2077 651 2123 don
677 2075 886 2123 Giacobo
910 2088 955 2123 et
979 2077 1071 2123 don
1102 2076 1298 2124 Claudio
1323 2077 1338 2102 ³
1370 2094 1515 2124 sonno
1550 2077 1672 2123 statti
1704 2077 1782 2142 qui
1816 2077 1893 2125 doi

258 2153 425 2217 giorni,
457 2163 502 2198 et
533 2169 579 2197 se
609 2151 666 2197 ha
699 2151 907 2214 pigliatto
938 2151 965 2198 il
997 2152 1199 2215 spiritual
1232 2169 1414 2215 posesso
1442 2150 1470 2209 ⁴,
1504 2163 1549 2198 et
1579 2151 1607 2197 l'
1627 2152 1745 2198 horo
1779 2168 1893 2197 sono

258 2226 484 2274 ritornatti
511 2243 536 2272 a
558 2225 752 2271 Venetia
771 2242 851 2288 per
876 2225 1081 2288 expedir’
1103 2236 1264 2289 questo
1289 2225 1497 2290 negocio,
1516 2226 1571 2282 si,
1596 2226 1714 2272 com’
1735 2242 1892 2289 pense,

257 2303 414 2365 sapera‘.
440 2300 479 2346 la
507 2301 567 2347 R.
588 2300 647 2347 V.
668 2299 726 2346 da
751 2299 777 2344 l'
799 2300 911 2345 hora
932 2299 960 2347 ³.
986 2300 1125 2346 Altro
1144 2317 1226 2363 per
1244 2300 1356 2346 hora
1380 2308 1470 2346 'non
1488 2300 1549 2346 mi
1568 2317 1752 2347 occorre
1772 2300 1890 2362 (non

259 2376 470 2422 hauendo
509 2373 654 2420 letter’
681 2373 738 2419 da
775 2373 1060 2436 risponder')
1097 2374 1323 2420 senonche
1363 2374 1470 2421 tutti
1509 2374 1815 2421 humilmente
1855 2374 1891 2420 ci

259 2447 687 2496 raccommandamo
711 2446 814 2493 nell’
833 2448 1038 2494 oratione
1069 2448 1184 2495 della
1210 2449 1271 2496 R.
1298 2449 1359 2495 V.
1391 2460 1437 2495 et
1465 2448 1510 2495 di
1537 2449 1644 2495 tutti
1674 2448 1700 2494 li
1726 2448 1892 2495 charis-

315 2594 326 2618 ¹
383 2595 441 2631 Ex
473 2592 652 2640 originali
687 2592 725 2628 in
760 2593 836 2630 vol.
872 2590 1007 2643 Epist.
1042 2591 1089 2630 P.
1118 2591 1433 2641 Ribadeneira,
1467 2598 1505 2631 et
1536 2596 1585 2631 ab
1616 2596 1690 2632 hoc
1722 2599 1892 2643 exarato,

260 2659 373 2695 unico
394 2658 501 2704 folio,
522 2668 557 2693 n.
580 2667 616 2703 3,
639 2655 743 2701 prius
763 2657 853 2701 436.

311 2719 327 2744 2
382 2721 421 2757 P.
443 2719 611 2756 Jacobus
633 2717 787 2755 Lainez.

316 2782 330 2806 3
386 2783 426 2820 P.
448 2782 634 2820 Claudius
652 2780 770 2818 Jaius.

313 2842 327 2867 ⁴
387 2845 507 2880 «Cum
531 2844 577 2880 18
599 2842 758 2889 Aprilis,
782 2842 821 2878 P.
843 2842 1008 2879 Claudio
1033 2842 1119 2879 Jaio
1147 2843 1220 2879 sibi
1246 2844 1354 2880 socio
1376 2844 1568 2891 adjuncto,
1589 2844 1773 2881 Venetias
1793 2843 1892 2892 [Lai-

261 2907 345 2955 nez]
373 2906 653 2954 pervenisset...
682 2904 886 2940 Patavium
917 2904 1099 2951 profecti,
1129 2906 1190 2941 die
1219 2916 1331 2941 sacro
1361 2905 1463 2942 Divo
1493 2906 1626 2942 Marco
1656 2907 1893 2953 spiritualem

262 2970 549 3016 possessionem
577 2967 732 3014 publice
762 2971 944 3012 ceperunt
961 2980 978 3003 2
1007 2968 1200 3014 prioratus
1220 2968 1382 3014 seilicet,
1406 2968 1619 3015 ‹Collegiis
1646 2970 1831 3011 Patavino
1858 2974 1894 3006 et

260 3032 411 3068 Veneto
433 3031 567 3067 uniti.»
592 3031 808 3076 POLANCO,
830 3033 855 3066 t.
876 3038 902 3074 1,
923 3040 1010 3076 pag.
1034 3040 1121 3077 272,
1145 3042 1181 3068 n.
1204 3041 1293 3077 233,
1317 3041 1405 3077 234.

315 3092 329 3119 5
384 3096 483 3132 Vide
504 3094 613 3141 infra,
642 3093 752 3140 epist.
784 3102 885 3139 1274
905 3093 1084 3130 Andreae
1103 3093 1321 3141 Lipomani,
1346 3093 1392 3130 18
1413 3093 1577 3140 Augusti
1602 3095 1716 3143 1548.-
