2066 3516
775 304 822 333 21
854 293 1101 332 Novnmnms
1132 303 1233 344 1555
1697 303 1767 329 101

179 398 298 465 quid
317 401 361 446 in
381 400 470 447 fine
489 400 609 447 vitae
627 417 732 446 suae
753 399 910 447 fecerit
933 412 978 447 et
1001 399 1179 447 dixerit.
1206 400 1496 446 Coenauerat
1520 414 1648 444 more
1673 397 1825 454 solito,

184 475 269 521 iuit
293 475 350 522 ad
374 475 541 522 lectum
566 475 709 534 solus,
735 486 915 522 tantum
941 476 979 521 ei
1006 475 1245 521 brachium
1271 474 1513 521 tenebam:
1539 473 1585 519 in
1610 472 1823 520 cubiculo

182 551 279 596 duo
303 562 432 596 erant
456 550 574 607 lecti,
599 550 683 596 sibi
710 568 842 608 vnus,
869 550 982 596 alter
1007 549 1144 607 mihi,
1167 550 1214 595 id
1239 549 1366 613 quod
1392 565 1630 612 nunquam
1655 546 1824 594 fecera-

185 641 309 682 muS,
336 624 416 671 sed
446 624 491 670 in
524 625 722 688 hospitio
754 625 1041 671 dormiebam
1066 640 1246 686 semper
1275 640 1443 669 secum:
1472 639 1824 686 preparaueram

178 697 402 743 cacabum
427 715 535 744 cum
559 716 691 762 aqua,
717 711 762 745 et
786 700 958 756 sedem,
983 711 1035 745 vt
1059 710 1191 744 nocte
1214 697 1523 755 commodius,
1547 696 1672 742 salua
1696 713 1825 742 reue-

179 772 329 818 rentia
353 784 525 830 vestra,
557 786 709 836 posset
734 791 851 837 opus
884 786 1071 819 naturae
1100 772 1311 818 reddere:
1340 771 1542 834 hospites
1575 770 1826 834 surgebant

184 858 289 893 ante
314 862 553 911 quartam:
585 849 657 894 M.
687 848 925 895 Gerardus
948 847 1071 894 solus
1095 846 1316 904 surrexit,
1341 856 1387 891 et
1412 845 1676 891 naturaliter
1699 845 1825 892 satis-

177 920 291 967 fecit
317 933 524 969 naturae:
552 923 686 969 rediit
710 923 768 969 ad
794 923 977 979 lectum,
1002 939 1048 967 se
1072 920 1281 984 coperuit
1306 920 1503 983 optime:
1524 920 1677 966 statim
1703 932 1824 983 post,

185 1014 258 1043 me
284 998 488 1055 vocauit,
519 998 598 1044 sed
631 1015 718 1061 ego
750 1015 843 1044 non
875 995 1186 1054 dormiebam,
1222 995 1421 1040 mirabar
1454 994 1668 1058 equidem
1695 1011 1825 1040 suam

182 1071 494 1135 diligentiam3
520 1073 559 1118 ei
585 1064 813 1135 respondi:
841 1071 954 1135 quid
978 1071 1059 1116 tibi
1087 1070 1252 1133 placet,
1274 1068 1439 1115 frater?
1477 1080 1522 1114 et
1546 1068 1619 1113 ait:
1648 1068 1708 1114 mi
1734 1067 1826 1114 fra-

184 1158 276 1203 ter,
304 1146 421 1210 juua
454 1163 540 1193 me.
589 1146 718 1208 Quid
760 1145 925 1203 habes,
965 1145 1250 1192 charissime?
1295 1156 1364 1190 tot
1405 1146 1616 1203 sudores,
1656 1145 1821 1209 inquit.

164 1220 348 1266 -Subito
372 1221 569 1278 surrexi,
595 1233 641 1267 et
665 1220 848 1284 palpaui
873 1219 1035 1266 faciem
1060 1231 1105 1266 et
1130 1237 1316 1282 corpus:
1344 1220 1512 1266 deinde
1537 1219 1645 1266 dedi
1669 1220 1707 1265 ei
1733 1237 1826 1266 sac—

178 1297 374 1342 charum
412 1297 596 1342 candiae
628 1307 673 1342 et
706 1308 886 1359 partem
918 1294 1017 1352 libi,
1050 1294 1207 1340 omnia
1231 1294 1443 1340 comedit.
1477 1294 1623 1354 Jussit
1656 1293 1826 1340 auferri

185 1381 346 1429 vestes,
371 1387 485 1434 quas
511 1387 647 1433 super
670 1388 718 1417 se
744 1370 953 1417 habebat:
982 1369 1074 1416 Eas
1098 1370 1155 1416 ad
1180 1370 1366 1426 lectum,
1391 1368 1553 1425 frater,
1579 1369 1744 1432 inquit,
1771 1386 1826 1415 ne

185 1442 368 1510 frigeas:
400 1461 488 1507 ego
529 1444 679 1490 solum
711 1445 943 1490 camisiam
983 1443 1223 1491 habebam.
1257 1443 1420 1490 Subito
1461 1443 1588 1489 indui
1628 1443 1827 1506 calligas,

177 1534 363 1581 semper
399 1535 507 1564 eum
550 1519 811 1565 animando.
847 1519 1023 1565 Iterum
1055 1518 1190 1565 dixit:
1224 1517 1388 1576 frater,
1413 1518 1532 1583 juua
1573 1534 1657 1563 me.
1692 1518 1826 1580 Quo-

183 1593 346 1646 mod0,
388 1591 550 1651 frater,
584 1592 813 1652 dicebam,
856 1592 1018 1639 venisti
1064 1592 1242 1650 Roma,
1286 1609 1406 1638 nunc
1448 1590 1542 1637 fere
1581 1608 1740 1638 sumus
1780 1592 1826 1638 in

184 1667 347 1729 patria,
364 1668 465 1732 jam
491 1668 650 1714 times?
680 1668 813 1714 Bono
837 1668 992 1713 animo
1016 1680 1138 1724 esto,
1165 1667 1296 1713 Deus
1320 1679 1364 1713 te
1380 1666 1580 1732 juuabit.
1612 1667 1825 1730 Respon-

179 1741 251 1787 dit
274 1753 319 1787 et
343 1742 459 1788 dixit
485 1742 700 1788 vltimum
727 1742 924 1789 verbum
947 1759 1054 1788 cum
1080 1753 1210 1788 tanto
1237 1743 1485 1800 desiderio,
1511 1742 1654 1806 quod,
1679 1743 1826 1789 donec

178 1813 351 1879 fungar
384 1833 573 1862 munere
615 1817 753 1874 vitae,
796 1834 1035 1882 nunquam
1078 1819 1260 1864 tradam
1293 1817 1543 1875 obliuioni,
1575 1828 1621 1863 et
1644 1833 1826 1880 semper

182 1891 300 1937 illius
331 1909 409 1937 ero
443 1909 633 1939 memor.
667 1892 850 1951 Frater,
882 1893 1056 1957 inquit,
1088 1910 1169 1938 ora
1207 1893 1364 1939 Deum
1408 1909 1492 1955 pro
1535 1908 1622 1939 me.
1663 1891 1825 1938 Subito

180 1966 342 2012 vocaui
385 1966 611 2024 homines,
647 1978 695 2013 vt
734 1968 896 2014 darent
936 1967 1172 2013 candelam
1213 1983 1318 2012 cum
1367 1982 1534 2029 magna
1574 1966 1821 2029 diligentia.

176 2039 328 2102 Coepi
355 2040 443 2085 alta
467 2057 578 2086 voce
602 2040 818 2089 clamare:
846 2042 924 2099 fili,
949 2054 1046 2089 esto
1070 2042 1289 2106 passionis
1314 2041 1487 2088 Christi
1514 2058 1713 2087 memor..
1736 2041 1823 2088 Me

176 2115 446 2177 aspiciente,
473 2115 533 2161 sic
557 2115 661 2162 Deo
687 2116 887 2163 reddidit
909 2117 1138 2180 spiritum.
1172 2117 1339 2181 Neque
1370 2115 1649 2179 singultum,
1676 2132 1823 2180 neque

174 2189 367 2252 aliquod
391 2189 575 2252 signum
601 2188 732 2247 fecit,
758 2202 809 2236 vt
838 2190 988 2237 solent
1020 2191 1295 2238 morientes:
1331 2190 1568 2254 pulchrior
1597 2202 1694 2236 erat
1719 2202 1824 2253 post

181 2275 377 2308 mortem
404 2279 544 2327 quam
570 2262 712 2310 antea.
742 2258 1019 2312 Ast'antibus
1042 2284 1075 2325 4
1098 2277 1177 2311 aut
1199 2279 1222 2328 5
1251 2265 1509 2328 hospitibus
1532 2266 1758 2312 extraneis
1775 2265 1822 2311 in

180 2349 330 2383 morte
354 2337 516 2400 ipsius,
542 2355 660 2384 vnus
689 2339 778 2385 Dei
805 2340 950 2403 gratia
976 2340 1250 2404 loquebatur
1275 2340 1435 2397 latine,
1460 2339 1538 2403 qui
1564 2351 1608 2385 et
1632 2339 1821 2386 consilio

174 2424 226 2456 et
250 2411 549 2458 consolationi
575 2413 687 2459 mihi
713 2412 877 2461 adfuit.

247 2485 384 2531 Haec
409 2486 580 2549 scripsi,
604 2487 785 2550 sepulto
809 2505 1022 2551 corpore,
1043 2488 1264 2536 breuiter:
1289 2489 1430 2535 Anno
1456 2489 1650 2534 Domini
1682 2501 1820 2551 1555,

176 2560 208 2605 6
229 2559 529 2618 Nouembris,
554 2562 599 2607 in
619 2579 742 2626 pago
766 2563 822 2609 de
843 2564 1049 2626 Stromp,
1069 2564 1115 2609 in
1135 2564 1335 2627 hospitio
1355 2562 1593 2609 Lamberti
1612 2563 1669 2609 de
1686 2562 1822 2608 Suers

174 2635 294 2681 obiit
324 2636 397 2682 M.
424 2635 662 2683 Gerardus
687 2638 743 2684 de
768 2637 991 2695 Brassica,
1017 2638 1357 2698 dordracensis,
1386 2637 1594 2683 sacerdos
1618 2637 1818 2683 Societa-

176 2709 236 2754 tis
259 2708 395 2769 jesu,
424 2709 537 2756 hora
560 2728 594 2769 4
617 2723 721 2773 post
749 2711 946 2758 mediam
973 2723 1152 2758 noctem
1168 2750 1178 2770 ,
1210 2729 1338 2757 more
1363 2711 1534 2768 italico,
1559 2710 1675 2756 circa
1699 2710 1819 2757 deci-

178 2799 318 2829 mam:
345 2783 473 2830 cuius
491 2801 658 2847 corpus
678 2785 927 2832 honorifice
945 2786 1177 2849 sepultum
1197 2786 1411 2850 estjuxta
1435 2784 1818 2832 consuetudinem

175 2857 352 2919 patriae
378 2857 422 2903 in
446 2858 669 2905 cimiterio
693 2860 750 2906 de
770 2860 946 2917 Lanch,
972 2860 1090 2906 inter
1113 2860 1227 2906 duas
1247 2871 1403 2923 portas
1425 2859 1646 2917 ecclesiae,
1673 2874 1819 2922 prope

178 2947 390 2988 murum,
416 2948 532 2995 quae
557 2933 797 2995 parrochia
820 2945 886 2980 est
910 2933 1125 2981 dioecesis
1148 2933 1434 2980 colloniensis
1454 2932 1482 2980 ¹.
1508 2934 1628 2979 Tres
1652 2931 1816 2979 adfue-

235 3101 248 3128 ¹
305 3105 421 3151 Apud
441 3105 647 3152 POLANCO,
669 3109 694 3142 t.
715 3114 756 3151 V,
774 3116 859 3152 pag.
882 3107 970 3153 287,
988 3117 1026 3143 n.
1048 3107 1136 3153 784,
1153 3106 1249 3142 haec
1263 3106 1427 3152 legimus
1447 3106 1486 3141 in
1507 3106 1661 3141 laudem
1681 3104 1817 3150 optimi

177 3167 356 3205 Gerardi:
388 3168 482 3204 «Vir
508 3167 824 3205 fuit-rarissimae
852 3171 898 3205 a'c
924 3180 1081 3216 prorsus
1108 3169 1306 3215 virgineae
1335 3169 1524 3216 puritatis,
1551 3169 1719 3204 invictae
1749 3178 1819 3214 pa-
