2066 3516
791 253 838 291 18
868 251 1119 292 Dsscnmnms-
1146 264 1247 304 1555
1710 264 1784 303 125

193 374 335 426 tengo
358 360 487 418 echo,
512 362 538 406 a
562 375 613 405 su
640 360 824 424 consejo
844 358 880 416 ¹3
906 376 934 422 y
960 357 1058 404 ansi
1084 357 1128 404 lo
1153 375 1262 421 yze,
1302 374 1392 422 que
1429 356 1534 420 [he]
1563 361 1842 421 presentado

192 454 250 482 en
274 453 327 483 su
349 434 534 499 consejo
557 434 596 480 el
623 434 933 480 instrumento
952 433 1009 480 de
1029 444 1212 480 nuestra
1228 433 1552 491 contratation,
1578 449 1664 496 por
1688 443 1839 479 temor

192 511 249 558 de
275 510 338 557 las
362 526 515 574 penas,
541 526 569 572 y
595 525 774 572 porque
803 507 908 571 [he]
937 508 1093 554 estado
1118 508 1227 566 aqui
1253 524 1390 554 como
1415 524 1585 571 presso;
1605 523 1718 571 pero
1741 517 1843 554 esto

195 602 256 631 no
282 584 448 648 enpide
474 586 500 630 Ξι
525 601 614 647 que
641 601 700 629 no
725 600 771 629 se
795 581 992 641 efecffie,
1016 583 1051 628 si
1078 582 1119 628 la
1143 582 1390 646 Conpafiia
1421 599 1503 628 aze
1535 581 1579 628 lo
1609 599 1699 646 que
1723 599 1837 645 pue-

192 658 261 705 de.
289 658 367 703 Yo
391 657 436 703 lo
459 656 595 704 dekeo
620 658 719 704 mas
743 673 833 720 que
859 656 1005 712 nadie;
1031 672 1142 719 pero
1166 667 1365 702 estamos
1390 667 1467 702 tan
1487 657 1842 715 aremorizados,

193 749 284 796 que
309 732 355 778 ni
379 748 563 778 osamos
588 749 694 778 azer
720 731 765 777 ni
790 731 932 778 dezir.
961 730 1139 787 Estese,
1164 746 1300 776 como
1327 730 1459 794 digo,
1485 731 1676 794 signada
1701 730 1741 776 la
1764 748 1840 777 su-

193 807 428 870 plication,
453 818 630 853 retenta
655 823 712 852 en
736 806 776 852 el
800 805 993 861 datario‚
1019 822 1047 867 y
1074 822 1134 850 no
1159 822 1205 851 se
1229 805 1404 851 redima
1431 805 1475 851 ni
1505 805 1563 851 de
1598 822 1843 865 consensu,

197 894 294 927 asta
318 898 409 945 que
434 880 472 926 el
501 881 651 927 Padre
675 880 940 926 comissario
972 897 998 942 y
1033 879 1077 925 io
1107 879 1403 937 escrivmnos,
1428 896 1518 943 que
1543 883 1643 926 sera
1669 893 1842 943 presto,

194 973 373 1020 porque
398 955 584 1001 avisado
609 954 703 1002 este
729 955 785 1001 de
818 955 951 1012 todo;
984 972 1010 1017 y
1040 971 1300 1017 esperamos
1323 957 1466 1000 verna
1492 966 1648 1017 presto
1680 958 1706 1002 {1
1742 956 1841 1002 To-

198 1031 320 1087 ledo,
347 1033 373 1077 a
398 1046 526 1076 verse
550 1047 636 1076 con
661 1029 701 1075 el
725 1029 985 1092 arqobispo.
1024 1028 1302 1075 Entretanto
1336 1031 1471 1092 agase
1495 1047 1630 1076 como
1654 1030 1786 1094 digo,
1812 1049 1839 1095 y

195 1106 372 1152 estense
397 1104 465 1151 los
489 1105 674 1151 dineros
697 1121 753 1150 en
778 1104 818 1150 el
844 1121 1004 1151 vanco.

266 1181 390 1227 Otro
416 1197 476 1226 no
501 1197 676 1225 ocurre.
705 1179 764 1225 El
790 1178 968 1242 Spiritu
993 1189 1124 1225 santo
1149 1196 1222 1225 sea
1240 1196 1327 1225 con
1353 1179 1412 1226 V.
1442 1179 1493 1226 P.
1522 1197 1549 1243 y
1574 1197 1660 1226 con
1692 1181 1846 1238 todos,

196 1272 220 1317 y
249 1272 332 1301 nos
356 1254 414 1301 de
439 1254 584 1317 gratia
608 1270 698 1317 que
721 1266 817 1299 esta
848 1264 924 1299 tan
958 1251 1108 1299 buena
1140 1253 1254 1300 obra
1283 1270 1367 1316 aya
1400 1252 1562 1300 efecto.
1596 1254 1671 1301 De
1697 1254 1843 1301 Tole-

197 1329 260 1375 do
287 1345 350 1374 xv
375 1328 432 1375 de
458 1327 734 1374 Diziembre
767 1340 903 1389 1555.
930 1326 1043 1373 Besa
1067 1327 1131 1373 las
1154 1344 1314 1373 manos
1337 1327 1393 1374 de
1421 1328 1481 1376 V.
1512 1328 1581 1386 Ρ.,

642 1402 700 1448 ΕΙ
737 1402 1058 1465 protonotario
1097 1402 1236 1448 Luvs
1278 1418 1337 1448 DE
1375 1402 1712 1450 CALATAYUD.

955 1596 1056 1630 102
1065 1595 1097 1630 3

779 1682 1082 1720 STEPHANUS
1111 1683 1265 1720 SAULI

594 1779 1139 1827 HIERONYMO
1199 1779 1451 1827 SAULI

770 1882 1071 1908 ARCHIEPISCOPO
1098 1882 1287 1907 GENUENSI

684 1968 823 1995 GENUA
855 1957 903 1995 18
933 1967 1169 1994 DECEMBRIS
1202 1968 1301 2007 1555
1333 1954 1364 1994 2.

202 2055 318 2092 Viam
339 2055 521 2102 proponit
541 2054 785 2100 stabiliendi,
805 2058 848 2090 ut
867 2065 937 2101 par
958 2058 1038 2100 est,
1060 2065 1257 2100 genuense
1278 2054 1488 2091 Societatis
1507 2053 1600 2090 Jesu
1621 2053 1848 2100 collegium.

493 2117 650 2165 —Quid
674 2128 760 2154 cum
782 2118 821 2155 P.
843 2117 968 2153 Nadal
990 2118 1073 2163 ipse
1094 2117 1237 2164 egerit,
1259 2120 1550 2153 commemorat.

267 2223 407 2268 Rmo.
437 2222 709 2286 monsignor
735 2222 828 2268 mio
855 2221 1278 2269 osseruandissimo.
1306 2221 1616 2285 Ragionando
1640 2238 1727 2266 con
1752 2221 1846 2267 don

200 2297 448 2344 Gitonimo
472 2296 635 2354 Natal,
666 2313 779 2359 capo
814 2296 886 2342 del
917 2295 1131 2358 collegio,
1168 2296 1198 2341 il
1230 2295 1364 2360 quale
1397 2296 1442 2342 di
1468 2295 1584 2341 costi
1618 2296 1641 2341 e
1674 2308 1854 2342 uenuto

200 2387 291 2434 qua
310 2387 392 2433 per
410 2370 671 2417 imbarcarsi
694 2387 774 2433 per
794 2371 978 2434 Spagna
999 2369 1030 2428 ³,
1053 2370 1113 2417 ho
1133 2371 1278 2416 inteso
1296 2371 1379 2416 che
1401 2371 1446 2415 in
1467 2369 1583 2416 fatto
1603 2370 1631 2416 il
1653 2370 1851 2434 bisogno

200 2446 245 2491 d'
268 2462 330 2490 un
363 2444 499 2508 pieno
540 2445 756 2508 collegio,
797 2445 999 2490 secondo
1033 2445 1096 2508 gl’
1117 2445 1311 2491 instituti
1347 2446 1465 2491 della
1496 2446 1563 2491 lor
1594 2461 1850 2508 congrega-

257 2623 269 2649 ¹
331 2622 491 2664 cartas
509 2622 562 2662 de
581 2622 670 2663 San
691 2622 886 2676 Ignacio,
908 2630 932 2662 t.
955 2634 1013 2670 VI,
1034 2636 1125 2672 pag.
1151 2626 1241 2673 659,
1261 2637 1298 2663 n.
1327 2635 1389 2674 53.

255 2685 272 2710 ²
327 2687 385 2724 Ex
407 2688 632 2735 apographo
654 2688 692 2723 in
712 2689 788 2724 vol.
810 2688 852 2734 F,
874 2689 989 2724 unico
1011 2688 1124 2734 folio,
1145 2699 1182 2725 n.
1202 2689 1267 2735 38,
1289 2689 1395 2735 prius
1419 2699 1509 2735 203.

256 2747 272 2773 3
328 2750 391 2786 Ad
420 2745 713 2797 intelligendum
741 2752 900 2798 hujusce
929 2751 1115 2797 epistolae
1144 2758 1432 2798 argumentum,
1462 2752 1574 2797 juvat
1600 2762 1647 2787 ex
1679 2750 1855 2786 Polanco

206 2823 411 2858 excerpere
432 2823 530 2859 quae
551 2819 780 2860 sequuntur:
806 2814 943 2849 «Pater
962 2814 1152 2850 Natalis...
1176 2815 1214 2849 in
1235 2814 1462 2860 Hispaniam
1485 2815 1626 2849 missus
1648 2813 1729 2858 fuit,
1751 2813 1854 2849 sicut

205 2880 242 2911 et
259 2875 301 2913 P.
323 2875 548 2912 Ludovicus
570 2876 778 2922 Gonzalez‚
801 2887 889 2912 cum
914 2877 1096 2912 tredecim
1118 2877 1312 2914 fratribus.
1334 2877 1515 2914 Secunda
1535 2877 1597 2912 die
1617 2876 1851 2912 Novembris

203 2937 375 2974 Lericem
399 2949 486 2974 cum
508 2939 625 2975 sociis
648 2939 845 2988 pervenit,
869 2944 906 2975 et
925 2944 1082 2985 propter
1102 2944 1393 2989 tempestatem,
1416 2941 1549 2976 decem
1571 2940 1653 2975 dies
1677 2939 1851 2975 Genuam

203 3011 326 3047 usque
346 3001 608 3047 consumpsit;
631 3006 669 3037 et
689 3002 779 3048 quia
806 3002 913 3038 nulla
942 3003 1147 3038 commoda
1175 3003 1374 3049 navigatio
1395 3013 1479 3038 sese
1501 3003 1659 3047 obtulit,
1681 3002 1733 3037 ibi
1754 3002 1852 3036 duos

206 3062 284 3099 fere
316 3073 470 3099 menses
498 3070 724 3110 exegerunt,
752 3074 831 3100 non
865 3064 1022 3110 quidem
1057 3064 1095 3100 in
1129 3064 1306 3111 Collegio
1334 3065 1549 3111 Genuensi,
1580 3065 1685 3111 quod
1712 3073 1850 3108 capere

206 3128 354 3161 tantam
381 3125 578 3172 hospitum
605 3125 890 3162 multitudinem
927 3135 1006 3162 non
1038 3130 1207 3173 poterat,
1234 3127 1302 3163 sed
1334 3127 1373 3162 in
1398 3126 1567 3173 quadam
1593 3127 1709 3162 domo
1742 3124 1856 3161 Cha-
