2014 3528
847 239 895 318 15¹
923 279 1010 314 MAJ1
1044 267 1146 318 1556
1681 278 1755 317 325

177 373 351 437 parlato
388 389 498 419 anco
529 372 641 419 colla
674 374 854 431 madre,
882 384 1104 428 matrona,
1134 383 1278 429 certo,
1313 371 1457 417 molto
1494 371 1734 430 honorata,
1770 372 1809 418 la

175 447 308 512 quale
332 464 438 511 pare
461 447 532 494 ch’
547 447 629 493 alla
653 447 742 493 fine
767 448 822 494 de
848 447 953 493 tutti
980 447 1013 493 si
1040 446 1163 493 daria
1187 462 1319 509 pace,
1344 462 1390 491 se
1415 445 1511 491 solo
1535 445 1686 505 Jobbe
1711 463 1755 491 se
1783 447 1808 492 li

175 522 398 579 rendesse,
425 521 494 568 del
525 521 655 586 quale
682 539 771 567 non
799 524 892 585 puo
922 520 990 567 far
1027 521 1259 567 mentione
1297 537 1433 565 senza
1471 520 1598 566 molti
1633 522 1806 584 sospiri.

175 588 211 644 Ε
238 613 348 642 uero
373 596 462 652 ch’,
487 596 520 641 s'
546 595 628 641 ella
654 608 851 659 potesse,
882 597 978 643 solo
1002 613 1090 642 con
1115 596 1187 641 M.
1225 595 1443 641 Petronio
1468 612 1512 640 se
1539 596 1806 643 uendicaria.

176 670 229 716 Io
254 671 316 716 mi
350 687 431 716 son
467 668 650 716 forzato
682 670 783 716 coll’
820 672 1021 734 esempio
1055 671 1146 716 mio
1177 682 1221 715 et
1252 669 1356 715 delli
1383 685 1408 716 2
1440 670 1539 715 miei
1579 669 1738 716 fratelli
1765 684 1811 717 et

174 745 314 807 padre
338 756 383 790 et
409 745 578 802 madre,
599 745 626 790 il
647 745 744 801 che,
764 747 914 801 credo,
935 747 996 790 sia
1020 756 1138 791 stato
1158 743 1301 789 molto
1326 762 1350 788 a
1377 745 1627 806 proposito,
1650 762 1809 792 conso-

173 817 301 875 larla‚
326 829 370 864 et
395 834 481 864 con
508 818 647 863 molte
679 819 853 881 ragioni
878 819 1135 865 disradicar’
1164 831 1326 882 questo
1350 819 1608 865 inordinato
1634 837 1807 867 amore:

172 903 217 937 et
243 904 402 956 questa
427 910 536 948 sera,
562 894 643 938 che
667 893 831 938 stiamo
857 893 901 938 in
927 910 1025 939 casa
1050 910 1151 951 sua,
1176 892 1387 939 finiremo
1414 893 1455 937 lo
1481 905 1688 939 restante.
1719 894 1807 940 Nel

173 979 293 1012 resto
330 967 627 1030 suppliranno
664 967 692 1013 l'
727 967 920 1013 orationi
958 967 1061 1014 delli
1097 985 1130 1026 4
1165 966 1348 1025 fratelli,
1386 966 1456 1012 alli
1495 967 1615 1030 quali
1654 980 1808 1014 nostro

172 1043 362 1106 Signore
387 1043 497 1089 dara
521 1053 679 1107 questa
706 1042 900 1089 uittoria.

237 1117 328 1163 Nel
354 1129 511 1181 tempo
536 1117 617 1164 che
643 1118 786 1163 siamo
820 1116 922 1163 stati
948 1115 991 1162 in
1017 1116 1236 1174 Ancona,
1264 1116 1324 1162 mi
1350 1116 1374 1162 e
1400 1132 1532 1178 parso
1559 1115 1628 1162 far
1654 1118 1806 1180 predi-

171 1192 260 1238 car'
281 1193 370 1239 due
389 1193 510 1238 uolte
536 1193 579 1239 in
597 1192 760 1256 piazza
785 1191 823 1237 al
849 1190 1026 1237 fratello
1048 1190 1170 1247 Gio„
1196 1190 1223 1236 il
1249 1191 1331 1236 che
1351 1191 1407 1236 ha
1427 1189 1543 1237 fatto
1562 1208 1646 1237 con
1670 1193 1809 1239 molta

170 1279 299 1330 grata
331 1267 560 1314 audientia
583 1267 640 1313 de
673 1266 844 1312 nobbili
872 1279 916 1311 et
941 1265 1056 1322 altri,
1088 1277 1133 1311 et
1156 1282 1242 1312 con
1269 1265 1409 1311 molta
1441 1265 1725 1312 edificatione
1749 1268 1808 1314 de

171 1341 299 1399 tutti,
332 1354 376 1388 et
409 1341 465 1387 ha
497 1342 657 1388 toccati
688 1341 795 1388 certi
832 1340 962 1404 punti
995 1351 1272 1385 certamente
1303 1340 1513 1403 gratiosi,
1549 1340 1652 1386 delli
1686 1342 1805 1404 quali

170 1432 312 1479 penso
329 1415 388 1463 V.
415 1416 474 1464 R.
502 1416 685 1462 haueria
710 1415 899 1479 pigljato
926 1414 1070 1460 molto
1096 1414 1269 1477 piacer⁷.
1298 1413 1457 1460 Ghieri
1483 1432 1559 1461 era
1583 1426 1807 1479 aspettato

170 1490 274 1536 dalli
314 1491 548 1537 medesimi
582 1490 806 1548 auditori3
843 1507 915 1536 ma
951 1490 1151 1535 sendone
1184 1489 1364 1552 partiti„
1386 1489 1430 1535 in
1465 1501 1627 1553 questo
1660 1503 1807 1553 punto

168 1564 349 1628 predica
380 1565 456 1628 qui
491 1565 606 1612 nella
639 1565 801 1628 piazza
824 1564 881 1611 de
907 1564 1073 1611 Pesaro
1098 1563 1203 1628 quel
1230 1564 1310 1610 che
1336 1564 1482 1610 donea
1514 1565 1725 1628 predicar
1751 1565 1804 1613 la.

168 1639 308 1685 Certo
339 1657 364 1685 a
395 1656 467 1685 me
498 1656 604 1702 pare
633 1640 715 1686 che
749 1639 952 1703 predichi
993 1639 1161 1702 meglio
1194 1639 1276 1685 che
1309 1639 1466 1703 quanti
1506 1656 1561 1686 ne
1595 1652 1758 1686 stanno
1783 1658 1807 1686 a

170 1713 364 1772 Loreto,
405 1731 489 1760 con
526 1714 667 1760 molta
703 1714 871 1778 gratia,
907 1712 1094 1771 facilita‚
1135 1724 1389 1776 prontezza
1419 1726 1464 1759 et
1494 1714 1666 1777 spirito.
1703 1714 1804 1760 Con

169 1800 331 1852 questo
351 1788 544 1836 facendo
569 1789 678 1847 fine,
706 1788 850 1835 molto
873 1788 931 1834 mi
954 1788 1254 1847 raccomando
1273 1787 1354 1834 alle
1379 1788 1571 1834 orationi
1593 1789 1637 1835 di
1658 1789 1717 1837 V.
1743 1791 1803 1837 R.

169 1863 233 1909 Di
266 1864 428 1910 Pesaro
453 1863 479 1910 il
507 1864 556 1910 di
589 1877 642 1927 15
671 1864 715 1910 di
746 1863 945 1927 Maggio
971 1863 1040 1910 del
1071 1864 1159 1928 ij.
1189 1863 1251 1909 Di
1278 1863 1338 1911 V.
1366 1864 1423 1910 R.
1446 1864 1647 1928 indegno
1671 1882 1805 1912 seruo

158 1937 214 1983 >in
241 1935 337 1994 X.⁰‚

1090 2002 1285 2048 FULmo
1323 2004 1606 2064 ANDROTIJ.

233 2103 485 2165 Inscriptio:
519 2103 577 2148 Al
612 2102 754 2149 molto
793 2102 915 2150 Rdo.
957 2102 1103 2149 Padre
1129 2104 1173 2148 in
1206 2103 1290 2150 X.⁰
1314 2105 1740 2164 osseruandissimo,
1775 2106 1801 2151 il

166 2176 218 2225 P.
249 2178 324 2224 M.
352 2178 532 2241 Ignatio
556 2177 612 2224 de
638 2176 846 2240 Llayola‚
874 2177 1106 2241 preposito
1137 2177 1342 2241 generale
1366 2178 1483 2225 della
1513 2179 1803 2243 Compagnia

165 2251 211 2297 di
235 2251 366 2311 Jessl.
395 2251 561 2299 Roma.

167 2419 282 2454 supra
304 2409 471 2454 egimus,
494 2408 603 2454 epist.
631 2409 749 2454 1086,
772 2419 857 2455 pag.
888 2418 979 2457 175,
1003 2414 1130 2446 annot.
1153 2421 1189 2455 4.
1218 2410 1274 2446 De
1294 2411 1475 2447 Petronio
1497 2415 1623 2447 autem
1645 2413 1801 2459 ejusque

169 2470 350 2507 fratribus
369 2471 461 2517 Job,
484 2471 714 2507 Cincinnato
737 2476 774 2507 et
800 2472 1039 2519 Lancilotto‚
1060 2473 1203 2509 Romae
1224 2473 1262 2509 in
1284 2473 1518 2528 Societatem
1541 2475 1740 2518 admissis,
1761 2476 1801 2510 fit

172 2543 298 2569 sermo
319 2534 421 2580 apud
445 2534 652 2579 POLANCO‚
676 2538 698 2570 t.
722 2542 762 2579 V,
783 2545 872 2580 pag.
897 2545 960 2581 40,
984 2539 1110 2570 annot.
1138 2545 1172 2582 7,
1194 2546 1269 2582 quo
1291 2547 1337 2572 ex
1356 2536 1443 2572 loco
1464 2541 1615 2573 constat
1635 2548 1680 2573 ex
1703 2538 1801 2575 Gon-

168 2596 299 2644 calves
320 2596 369 2632 da
389 2596 553 2632 Camara
571 2607 693 2632 unum
715 2597 940 2633 Petronium
962 2598 999 2633 in
1021 2598 1215 2635 Societate
1234 2609 1512 2645 perseverasse.
1535 2600 1640 2636 Alibi
1660 2605 1799 2646 tamen,

169 2661 192 2693 t.
222 2666 285 2704 IV,
313 2669 402 2704 pag.
432 2667 526 2706 145,
554 2669 589 2695 n.
622 2669 694 2706 291
727 2659 829 2695 idem
858 2660 1063 2706 scripserat
1090 2661 1302 2699 POLANco:
1334 2662 1573 2710 ‹<Juvenis...‚
1600 2664 1800 2700 Petronius

170 2721 376 2767 nomine...,
403 2721 500 2758 alios
527 2721 666 2758 deinde
697 2721 833 2758 fratres
861 2723 908 2758 ad
935 2722 1169 2759 Societatem
1197 2725 1369 2771 vocavit3
1399 2726 1576 2772 quamvis
1603 2737 1650 2763 ex
1677 2727 1799 2763 tribus

167 2793 266 2819 unus
286 2787 435 2819 tantum
456 2794 542 2820 cum
564 2784 648 2831 ipso
669 2785 848 2821 Petronio
869 2795 990 2831 usque
1013 2786 1060 2821 ad
1082 2790 1243 2823 mortem
1263 2784 1562 2835 perseveravit.»
