2008 3510
712 278 733 316 3
743 277 759 303 1
791 266 1037 305 DECEMBms
1067 267 1168 317 1556
1619 269 1697 319 609

132 367 183 414 P.
219 367 291 414 M.
327 368 538 431 Laynez,
570 370 738 417 vicario
770 371 952 435 general
984 373 1041 419 de
1071 372 1112 418 la
1141 372 1400 436 CompanIa
1439 374 1495 420 de
1534 368 1653 434 Jhs„
1694 391 1750 421 en

131 442 300 490 Roma.
326 443 434 489 Alia
457 460 605 491 manu:
632 444 690 491 R.
696 446 732 474 ‘¹²
767 463 792 492 a
815 446 881 492 los
908 459 964 508 25
989 447 1046 493 de
1068 446 1223 506 Junio.
1685 462 1696 467 ”

870 658 897 690 1
905 656 1013 691 251»

681 746 914 789 JOANNES
944 752 1199 790 CUVILLON

467 845 703 891 PATRI
753 847 1058 906 JACOBO
1112 847 1406 893 LAINEZ

563 949 787 975 RATISBONA
818 950 865 988 31
898 949 1129 976 DECEMBms
1159 938 1260 988 1556
1290 937 1317 976 ¹.

208 1042 394 1090 Querelae
414 1044 537 1080 Patris
558 1044 908 1092 Cuvillon.—-Quid
930 1045 963 1080 ei
985 1044 1186 1090 displiceat
1206 1044 1244 1080 in
1264 1044 1303 1080 P.
1325 1044 1473 1080 Thoma
1492 1044 1669 1091 Lentulo,

702 1107 996 1152 ingolstadiensi
1015 1110 1174 1143 rectore.

804 1220 836 1279 -ζ-
870 1220 1003 1279 Jesus
1038 1220 1071 1279 -ζ

190 1326 286 1374 Pax
306 1325 492 1372 Christi.
520 1327 788 1373 Reuerende
807 1328 851 1373 in
869 1327 1055 1374 Christo
1078 1328 1226 1374 Pater.
1249 1327 1302 1373 In
1322 1327 1472 1384 literis,
1496 1328 1554 1374 R.
1576 1327 1625 1374 P.
1647 1339 1750 1374 tuae

123 1399 305 1445 nomine
330 1399 507 1462 scriptis
540 1414 596 1457 14
617 1399 917 1456 Nouembris,
942 1400 1094 1446 scribit
1112 1401 1173 1448 R.
1194 1401 1247 1448 P.
1271 1400 1529 1458 PollancuS,
1555 1413 1620 1458 vt,
1645 1402 1751 1464 quia

123 1490 243 1518 nunc
270 1472 420 1518 nullus
444 1483 512 1518 est
545 1472 623 1535 qui
657 1473 800 1536 possit
830 1474 873 1519 in
908 1473 1023 1519 hanc
1055 1474 1336 1536 prouinciam
1363 1474 1538 1537 legendi
1569 1474 1750 1537 publice

122 1546 370 1609 surrogari,
403 1546 508 1592 dem
540 1563 727 1608 operam
763 1557 815 1592 vt
844 1547 930 1592 sim
969 1547 1091 1592 bono
1125 1548 1291 1594 animo.
1330 1547 1511 1594 Bonum
1552 1564 1749 1609 agnosco

120 1620 380 1678 consilium,
413 1632 458 1665 et
488 1620 670 1666 solitum
703 1620 800 1666 dari
832 1621 875 1666 in
900 1621 1123 1668 eiusmodi
1159 1622 1470 1685 temporibus;
1495 1622 1573 1668 sed
1597 1634 1749 1668 tamen

123 1694 243 1740 aliud
275 1694 540 1740 adiunctum
567 1694 909 1742 desiderassem:
937 1695 1145 1741 videlicet
1170 1706 1240 1751 vt,
1267 1695 1301 1741 si
1328 1712 1418 1741 non
1445 1711 1501 1740 ex
1527 1706 1639 1752 toto,
1664 1696 1748 1742 sal-

121 1780 213 1814 tem
237 1784 295 1814 ex
320 1779 468 1823 tanto,
497 1785 568 1813 me
596 1769 765 1814 leuaret
789 1769 874 1814 hoc
898 1786 1050 1816 onere.
1082 1770 1259 1832 Itaque,
1285 1781 1335 1815 vt
1359 1768 1552 1814 scribam
1578 1780 1746 1831 aperte,

121 1842 280 1888 fratres
304 1843 387 1904 ipsi
415 1842 554 1887 nostri
581 1842 686 1887 satis
709 1843 867 1888 vident
891 1859 978 1899 me,
998 1859 1103 1889 cum
1124 1860 1226 1889 sum
1244 1844 1287 1890 in
1313 1843 1539 1901 cathedra,
1560 1843 1748 1889 infirmi-

119 1928 210 1962 tate
235 1917 373 1974 vociS,
399 1915 588 1978 pallore,
614 1916 799 1979 aliisque
824 1915 1154 1979 significantem
1180 1916 1550 1974 imbecillitatem,
1575 1928 1619 1962 et
1643 1916 1746 1975 mei,

119 1991 274 2047 credo,
316 1990 600 2036 miserentur.
642 1990 737 2036 His
777 2002 975 2054 quatuor
1005 1989 1236 2037 mensibus
1272 1989 1366 2037 fere
1406 1990 1592 2053 integris
1632 2007 1746 2053 pene

119 2065 322 2128 quotidie
345 2064 446 2127 legi,
467 2077 512 2110 et
535 2063 793 2123 lectionem,
812 2065 856 2110 in
876 2081 966 2127 qua
991 2081 1082 2110 non
1108 2082 1208 2111 sum
1229 2065 1395 2128 alioqui
1422 2065 1554 2110 nimis
1578 2065 1746 2110 exerci-

118 2150 254 2197 tatus,
272 2138 450 2195 scilieet,
472 2138 685 2202 psalmos;
706 2150 893 2202 propter
912 2139 1185 2202 imperitiam
1200 2141 1322 2186 enim
1340 2140 1519 2203 linguae
1539 2139 1744 2197 hebreae,

118 2230 169 2258 ea
193 2211 324 2259 lectio
349 2212 459 2258 mihi
486 2211 574 2258 fuit
604 2213 748 2275 duplo
773 2212 1020 2271 molestior,
1044 2227 1183 2276 quam
1207 2214 1290 2260 alia
1315 2213 1471 2259 futura
1499 2219 1608 2258 erat.
1635 2212 1744 2258 Vel-

117 2286 222 2345 lem,
246 2286 282 2332 si
305 2287 578 2333 reverendae
603 2287 860 2349 paternitati
886 2299 989 2333 tuae
1012 2287 1207 2344 videtur,
1233 2300 1284 2334 vt
1310 2299 1582 2351 perpetuum
1608 2286 1743 2332 habe-

117 2377 213 2406 rem
237 2360 524 2422 scriptorem,
550 2360 611 2407 sic
636 2360 759 2406 enim
784 2360 946 2407 melius
977 2360 1215 2407 sufferrem
1239 2362 1361 2407 hunc
1387 2361 1609 2417 laborem,
1636 2377 1741 2406 nam

117 2435 242 2499 quod
266 2434 476 2481 scribitur
500 2451 524 2479 a
551 2435 617 2481 R.
646 2434 697 2480 P.
728 2434 945 2480 Pollanco
977 2435 1033 2481 de
1064 2434 1238 2498 aliquo,
1271 2437 1348 2499 qui
1380 2435 1611 2481 interdum
1635 2434 1741 2480 scri-

118 2511 215 2566 bat,
245 2521 290 2555 et
320 2509 404 2554 hoc
434 2526 485 2554 ea
514 2510 648 2567 hora,
682 2525 772 2572 qua
803 2525 895 2555 non
928 2510 1014 2555 erit
1045 2509 1334 2572 dispendium
1367 2508 1625 2555 studiorum
1657 2507 1740 2570 ipsi
1813 2562 1821 2571 ,

116 2582 342 2640 scribenti,
371 2599 462 2628 non
488 2582 669 2628 videtur
692 2582 916 2630 sufficere:
945 2583 1172 2639 Primum,
1197 2583 1303 2646 quia
1328 2583 1362 2628 si
1394 2581 1596 2645 quotidie
1621 2579 1739 2644 lego,

116 2657 319 2720 quotidie
343 2657 643 2703 necessarium
668 2656 813 2702 habeo
844 2657 1133 2718 scriptorem;
1168 2656 1350 2713 deinde,
1377 2656 1482 2719 quia
1513 2654 1584 2700 illa
1607 2654 1738 2711 hora,

116 2749 231 2795 quae
254 2731 339 2776 erit
361 2731 608 2777 commoda
630 2730 858 2788 scribenti,
885 2730 994 2776 mihi
1021 2746 1150 2793 saepe
1176 2747 1267 2776 non
1294 2731 1398 2786 erit,
1424 2727 1499 2788 3.⁰,
1524 2729 1569 2774 in
1589 2728 1672 2774 hac
1691 2744 1739 2773 re

114 2805 278 2851 vellem
304 2804 413 2850 mihi
438 2805 740 2867 assignaretur
763 2816 935 2862 certus,
961 2816 1005 2850 et
1029 2820 1122 2850 non
1146 2821 1267 2850 nune
1300 2804 1393 2860 hic,
1420 2818 1540 2847 nunc
1565 2801 1656 2859 ille,
1681 2802 1739 2847 ad

114 2878 430 2924 discretionem
462 2877 606 2923 Patris
634 2878 832 2923 rectoris.
868 2878 1104 2941 Quodque
1133 2878 1287 2924 scribit
1320 2878 1381 2925 R.
1412 2876 1465 2923 P.
1496 2875 1737 2921 Pollancus

114 2965 166 2999 vt
188 2952 267 2999 fiat
288 2952 381 2998 sine
405 2952 643 3015 dispendio
667 2953 941 3008 studiorum,
961 2968 1055 2998 non
1072 2952 1206 2999 video
1232 2952 1310 3016 qui
1336 2951 1430 2997 fieri
1455 2949 1607 3013 possit.
1637 2949 1734 3003 Est,

167 3105 179 3130 ¹
237 3106 294 3143 Ex
312 3101 550 3153 autographo
570 3106 609 3142 in
629 3106 704 3143 vol.
726 3106 766 3152 F,
788 3104 932 3152 duplici
953 3104 1058 3149 folio,
1080 3116 1117 3142 n.
1139 3116 1230 3154 329,
1251 3106 1356 3152 prius
1377 3105 1467 3152 385.

234 3186 410 3216 Ean-oux
433 3186 585 3224 Miz-ru,
610 3194 694 3217 Tou.
717 3195 747 3216 v.
1573 3190 1611 3222 39
