2008 3510
743 265 765 303 7
795 252 1023 291 FEBRUARH
1056 263 1128 303 155
1137 263 1152 290 1
1628 260 1678 300 72
1687 261 1702 288 1

115 376 311 422 paresce
334 375 422 423 que
445 358 634 422 cumplo
658 360 714 406 de
741 360 799 406 rni
827 371 954 423 parte
980 376 1066 405 con
1096 368 1192 404 esto
1216 374 1301 421 por
1324 357 1365 402 la
1389 356 1644 418 obligacion
1670 373 1760 421 que

130 444 287 498 tengo,
311 450 371 479 no
396 432 436 479 le
459 434 619 497 quiero
645 436 741 480 mas
765 434 1055 497 iniportunar
1078 450 1132 479 en
1157 443 1253 479 esta
1277 432 1474 479 materia.
1502 431 1760 478 Solamente

130 508 169 554 le
201 508 309 571 pido
341 524 426 571 por
455 507 616 571 special
660 509 861 566 merced,
894 525 982 572 que
1014 524 1087 553 me
1119 507 1235 570 haga
1269 506 1565 570 participante
1596 506 1652 551 de
1685 522 1761 551 sus

129 582 366 630 sacrificios
392 601 415 644 y
437 584 686 643 oracione&
707 601 884 647 porque
904 596 1041 646 tengo
1062 583 1228 628 mucha
1253 581 1510 628 necessidad
1530 581 1600 627 del
1628 579 1761 627 fauor

129 658 304 705 diuin0.
346 658 551 704 Nuestro
591 659 734 705 Sefior
765 676 850 722 por
892 659 1042 722 largos
1083 659 1278 720 tiempos
1318 674 1534 721 prospere
1576 657 1616 702 la
1656 657 1762 703 vida

129 731 186 778 de
212 731 270 777 V.
298 749 360 779 m.
386 749 472 778 con
498 744 747 796 augmento
771 733 828 778 de
852 733 1003 796 gracia
1019 749 1126 795 para
1150 748 1201 777 su
1223 731 1413 777 seruicio
1438 748 1464 792 y
1491 730 1592 777 bien
1618 731 1675 777 de
1700 729 1762 776 las

130 806 316 852 animas.
347 807 422 852 De
448 808 627 853 Trento
648 806 811 853 vltimo
830 807 887 853 de
909 807 1064 853 Enero
1091 821 1107 852 1
1121 821 1224 868 551.
1248 806 1295 851 A
1315 805 1427 852 todo
1448 805 1490 851 lo
1510 822 1598 868 que
1618 805 1677 852 V.
1699 821 1761 853 m.

131 881 362 937 mandare,

778 946 1045 993 Episcopus
1081 946 1564 992 CALAGURmTANus.

194 1048 449 1110 Inscriptio.-
485 1047 525 1110 †
559 1047 620 1093 Al
659 1048 783 1095 Rdo.
816 1053 970 1105 sefior,
1002 1047 1041 1094 el
1075 1052 1207 1093 sefior
1245 1058 1443 1092 maestro
1481 1046 1668 1109 Ignacio
1702 1045 1762 1092 de

129 1121 321 1185 Loyola.
351 1122 423 1168 En
451 1122 620 1169 Roma.

879 1263 903 1295 1
914 1262 1020 1296 288

666 1325 909 1395 AEGIDIUs
938 1357 1223 1394 FOSCARARI

717 1447 911 1471 EPISCOPUS
938 1446 1169 1471 MUTINENSIS

447 1528 658 1575 PATRI
702 1529 994 1575 IGNATIO
1030 1529 1123 1575 DE
1160 1528 1442 1575 LOYOLA

617 1624 775 1651 ΜυτιΝΑ
807 1625 829 1663 7
859 1624 1078 1651 FEBRUARII
1110 1624 1206 1663 1551
1241 1611 1268 1650 ¹.

127 1721 284 1758 Gratias
305 1721 443 1757 iterum
462 1721 613 1768 Ignatio
634 1722 730 1768 agit,
752 1726 956 1769 propterea
983 1723 1087 1769 quod
1112 1723 1151 1758 P.
1174 1722 1391 1757 Landinum
1413 1721 1560 1760 miserit
1580 1722 1627 1757 ad
1648 1731 1759 1757 exco-

179 1783 331 1818 lendam
353 1783 560 1819 dioecesim
584 1784 1001 1832 mutinensem—Ejus
1021 1795 1068 1820 ex
1087 1784 1167 1821 vita
1184 1795 1229 1820 ac
1250 1784 1449 1820 laboribus
1476 1795 1658 1830 magnum
1687 1783 1758 1820 fru-

180 1848 282 1880 ctum
303 1848 523 1890 perceptum
546 1855 642 1891 esse,
663 1847 847 1893 majorem
870 1846 1096 1892 exspectari,
1117 1846 1223 1883 dicit.
1244 1845 1368 1892 Rogat
1388 1856 1434 1881 ne
1456 1845 1544 1882 inde
1562 1846 1757 1881 discedere

178 1906 376 1943 Landinus
394 1907 585 1954 jubeatur.

194 2012 351 2059 Molto
385 2013 507 2059 Rdo.
541 2013 687 2060 Padre
711 2003 803 2059 don
831 2014 1032 2077 Ignatio,
1069 2014 1162 2060 mio
1193 2012 1611 2060 osseruandissimo.
1644 2012 1755 2059 Non

123 2103 259 2150 posso
283 2086 380 2133 fare
410 2088 454 2134 di
482 2105 574 2133 non
605 2088 904 2152 rengratiarui
939 2089 983 2135 di
1013 2106 1167 2134 nuouo
1199 2089 1244 2135 di
1270 2088 1372 2153 quel
1399 2105 1512 2152 gran
1538 2087 1756 2133 beneficio

121 2162 193 2207 ch'
219 2161 302 2208 ella
341 2162 377 2207 si
417 2162 560 2226 digno
597 2163 643 2208 di
691 2161 824 2208 farmi
871 2164 914 2208 in
962 2163 1247 2210 concedermi
1296 2180 1377 2226 per
1417 2162 1680 2208 coadiutore
1725 2161 1754 2207 il
1797 2224 1800 2227 ἱ

126 2235 250 2283 Rdo.
279 2235 426 2281 Padre
449 2235 543 2281 don
569 2236 784 2282 Siluestro
804 2235 834 2293 ²,
859 2236 930 2282 dal
962 2237 1068 2300 qual
1100 2249 1262 2300 questo
1293 2236 1464 2300 popolo
1490 2235 1534 2280 n'
1554 2235 1610 2280 ha
1635 2251 1753 2280 rece-

123 2320 236 2355 uuto
267 2322 313 2355 et
341 2326 497 2355 receue
526 2310 635 2372 ogni
667 2311 829 2373 giorno
861 2322 989 2356 tanto
1018 2311 1128 2356 utile
1160 2322 1205 2357 et
1228 2309 1476 2356 commodo
1500 2308 1751 2371 spirituale,

121 2383 203 2429 che
226 2383 285 2429 da
309 2384 349 2430 S.
376 2383 652 2429 Geminiano
682 2384 726 2430 in
757 2401 847 2448 qua
879 2401 970 2430 non
1001 2385 1025 2430 ἐ
1050 2382 1165 2431 forsi
1195 2395 1312 2431 stato
1343 2385 1400 2430 da
1425 2383 1494 2429 chi
1522 2383 1564 2427 n'
1586 2382 1752 2428 habbia

121 2469 338 2503 receuuto
363 2458 442 2520 piu
464 2456 492 2505 ³.

175 2611 188 2636 ¹
245 2613 302 2649 Ex
327 2613 506 2659 originali
534 2613 572 2649 in
597 2613 672 2650 vol.
695 2609 830 2662 Epist.
859 2610 1161 2663 episcoporum,
1183 2615 1327 2661 duplici
1348 2614 1454 2658 folio,
1476 2623 1512 2649 n.
1538 2621 1624 2660 105,
1645 2613 1750 2658 prius

125 2686 212 2724 192,
237 2686 325 2723 193,
348 2676 557 2722 antiquitus
581 2675 670 2722 283.

172 2736 189 2762 ²
242 2739 282 2775 P.
305 2739 493 2776 Silvester
513 2739 961 2775 Landini.—Videantur
980 2736 1115 2789 Epist.
1136 2737 1318 2786 Mixtae,
1340 2745 1365 2776 t.
1387 2748 1429 2785 11,
1451 2750 1536 2785 pag.
1561 2747 1648 2786 501.

172 2799 188 2824 ³
243 2802 346 2838 Usus
367 2806 423 2837 est
442 2802 515 2837 hac
535 2801 698 2846 epistola
718 2801 923 2846 POLANCO,
947 2805 971 2836 t.
988 2809 1030 2847 11,
1051 2812 1138 2848 pag.
1159 2811 1247 2849 195,
1267 2814 1305 2839 n.
1325 2812 1386 2848 70,
1408 2802 1472 2847 qui
1493 2811 1576 2836 eam
1594 2801 1631 2836 in
1647 2801 1749 2837 hunc

120 2865 275 2900 modum
296 2864 485 2900 latinitate
507 2864 679 2908 donavit,
697 2863 990 2909 illustravitque:
1011 2863 1156 2910 «Hujus
1177 2866 1266 2901 anni
1290 2866 1399 2900 initio
1416 2864 1590 2899 Mutinae
1606 2863 1645 2899 P.
1664 2862 1747 2909 Syl-

108 2930 246 2962 ·vester
264 2926 461 2962 Landinus
486 2926 724 2970 versabatur,
747 2926 923 2971 quamvis
943 2927 993 2961 ad
1013 2927 1100 2962 loca
1121 2927 1347 2963 mutinensis
1369 2925 1558 2962 dioecesis
1574 2926 1747 2971 juvanda

119 2989 234 3024 etiarn
260 2989 498 3025 excurrebat.
527 2987 650 3035 Quam
677 2988 810 3023 utilem
837 2998 991 3034 operam
1019 2993 1056 3024 et
1082 2989 1137 3024 illi
1163 2989 1310 3025 civitati
1338 2987 1567 3034 impenderit
1594 2998 1638 3023 ac
1665 2988 1746 3033 ejus

118 3051 300 3098 dioecesi,
322 3052 434 3088 facile
464 3062 510 3087 ex
542 3051 670 3087 verbis
701 3050 881 3096 Episcopi
916 3051 1046 3097 colligi
1078 3055 1222 3098 potest,
1250 3052 1326 3098 qui,
1349 3061 1434 3086 cum
1463 3046 1515 3097 7.⁸
1546 3049 1744 3085 Februarii

115 3113 156 3150 Ρ.
174 3113 324 3160 Ignatio
346 3113 490 3160 gratias
511 3117 640 3159 ageret
663 3115 764 3158 quod
786 3113 819 3148 ei
840 3113 880 3150 Ρ.
901 3113 1131 3150 Silvestrum
1151 3115 1414 3162 coadjutorem
1436 3112 1623 3158 dedisset,
1646 3111 1744 3148 affir-

242 3197 417 3225 kinsi-uta:
442 3195 595 3231 Min-az,
619 3204 700 3224 τοΜ.
726 3204 755 3224 ν.
1578 3192 1618 3230 46
