1982 3516
0 3418 27 3516 're'

0 0 137 38 iare*-
178 7 229 22 ψ’

794 264 810 290 1
842 263 1044 292 oc'rossms
1075 264 1091 291 1
1099 264 1122 303 5
1127 251 1176 303 56
1665 265 1743 304 457

167 358 207 406 la
227 358 530 406 misericordia
553 358 598 405 di
625 358 719 404 Dio
743 359 767 405 e
794 359 979 423 granda,
1000 369 1045 405 et
1065 358 1250 421 spiritus
1268 357 1346 404 ubi
1367 357 1468 404 uult
1491 357 1633 422 spirat
1656 358 1683 407 ¹.
1707 359 1796 406 Per

166 446 293 480 tanto
320 434 363 479 ui
397 450 561 497 prego‚
593 433 778 497 quando
813 434 942 480 uiene
981 433 1020 478 la
1051 433 1260 481 ocasi'one
1293 450 1318 479 a
1356 433 1681 496 pasar'alcuno
1716 451 1797 498 per

166 508 306 566 Forli,
332 507 359 553 li
387 507 609 554 indriciati
636 525 660 552 a
684 524 784 553 casa
807 524 903 564 sua,
928 519 972 553 et
997 507 1183 571 quando
1217 507 1258 553 lo
1283 505 1429 564 fareti‚
1462 524 1534 553 me
1560 507 1598 554 le
1623 510 1723 555 tero
1748 509 1793 556 d’

165 599 254 628 vna
275 582 419 646 gratia
438 581 748 645 grandissima,
769 593 813 628 et
833 582 909 626 un’
931 580 1189 644 particular’
1208 581 1482 645 priuileggio
1498 582 1580 628 che
1599 582 1643 628 io
1662 583 1796 630 habia

167 667 289 702 tanta
313 667 447 713 sorte,
472 657 553 702 che
579 656 724 702 meriti
751 657 796 703 di
821 658 953 703 esser'
973 650 1156 719 hospito
1180 656 1236 703 de
1268 656 1343 702 tali
1376 657 1721 720 congregationi
1751 668 1796 705 et

166 733 296 779 simil’
316 733 485 797 qualita
509 733 553 779 d’
572 732 794 780 huomini.
820 733 856 780 Il
882 734 1062 797 Signor’
1091 746 1247 779 nostro
1280 734 1315 779 si
1347 733 1472 780 uolse
1496 734 1592 781 dar’
1618 734 1659 781 la
1691 735 1796 782 alle-

165 807 284 871 greci
306 818 351 853 et
374 807 670 853 consolationi
695 806 903 871 perfetta.

230 880 396 943 Quella
414 898 511 927 sera
532 882 614 928 che
634 881 801 945 allogio
827 882 962 946 quelli
988 882 1045 928 tri
1070 880 1186 928 della
1216 881 1523 945 Compagnia,
1554 882 1595 928 la
1626 884 1798 931 matina

166 955 373 1002 medeme
398 955 480 1002 che
503 956 584 1002 essi
610 956 644 1002 si
670 956 894 1019 partir'no,
919 973 1067 1003 uenne
1092 955 1166 1002 M.
1194 955 1360 1001 Fuluio
1380 954 1397 980 ²
1421 956 1479 1002 da
1511 956 1719 1014 Meldua,
1752 969 1797 1004 et

164 1041 297 1076 stette
319 1047 406 1076 con
433 1031 509 1076 nui
535 1047 624 1076 vna
647 1031 749 1087 sira,
773 1041 819 1076 et
845 1031 934 1077 mia
958 1030 1114 1076 madre
1140 1046 1194 1075 ne
1210 1028 1325 1076 habe
1350 1039 1475 1076 tanta
1498 1030 1795 1078 consolationi

163 1105 208 1151 di
236 1104 296 1150 lui
322 1116 367 1151 et
391 1104 497 1151 delli
524 1104 702 1168 passati,
727 1119 901 1169 quanto
924 1104 1010 1151 dir’
1031 1104 1064 1150 si
1091 1120 1235 1167 possa.

227 1178 366 1226 Altro
390 1196 481 1225 non
501 1180 818 1237 ocorendomi,
844 1178 944 1225 faro
970 1179 1075 1238 fine,
1098 1195 1186 1225 con
1218 1178 1581 1226 racomandarmi
1607 1178 1689 1226 alle
1715 1197 1797 1226 uo-

164 1265 255 1300 stre
278 1254 490 1302 orationi.
515 1255 619 1301 Mia
642 1266 687 1301 et
705 1265 860 1301 uostra
885 1254 1042 1301 madre
1060 1254 1093 1300 si
1114 1253 1376 1300 racomandi
1402 1270 1426 1299 a
1451 1253 1509 1301 V.
1538 1255 1600 1301 R.
1622 1270 1701 1317 per
1726 1255 1796 1301 in-
1865 1257 1867 1259 ’

164 1328 289 1375 finite
313 1329 453 1388 uolte,
478 1329 663 1376 insieme
684 1346 769 1376 con
798 1329 904 1375 tutti
929 1330 986 1375 de
1010 1346 1124 1376 casa.
1154 1328 1453 1392 Monsignor’
1481 1328 1745 1376 coadiutore
1765 1330 1796 1388 ³,

165 1402 193 1449 il
217 1403 373 1467 signor
392 1404 576 1460 vicario,
606 1405 679 1450 M.
709 1403 866 1460 Paulo,
894 1403 968 1450 M.
997 1403 1035 1448 F
1039 1420 1263 1461 rancesco,
1287 1403 1359 1449 M.
1380 1401 1617 1448 Girolamo
1641 1414 1686 1449 et
1704 1414 1797 1450 tut-

165 1477 196 1523 ti
223 1478 249 1524 li
275 1478 375 1525 altri
400 1477 561 1525 fratelli
587 1479 630 1524 in
658 1479 845 1526 Christo
871 1496 916 1524 se
949 1477 1264 1524 ricomandino
1295 1476 1378 1523 alle
1404 1488 1556 1523 uostre
1585 1477 1796 1526 orationi.

163 1552 241 1599 Ue
279 1554 494 1617 dignariti
529 1554 712 1600 salutar‘
733 1554 839 1600 tutti
876 1554 902 1599 li
938 1553 1074 1600 Padri
1107 1563 1152 1599 et
1188 1551 1352 1599 fratelli
1387 1551 1433 1598 d'
1456 1568 1555 1598 casa
1586 1569 1666 1615 per
1703 1553 1797 1600 mio

164 1644 316 1676 nome.
344 1628 405 1675 Di
434 1628 558 1675 Forli
584 1628 671 1675 allo
690 1629 841 1692 primo
869 1628 968 1675 8.bre
1001 1628 1133 1690 1556.
1163 1627 1219 1674 El
1246 1638 1403 1674 uostro
1427 1625 1620 1684 fratello,

998 1721 1268 1766 D0M1N1co
1303 1718 1572 1767 NUMAGLI.

228 1821 480 1886 Inscriptio.-
524 1822 584 1868 Al
627 1820 773 1868 r'nolto
817 1821 938 1868 Rd0.
982 1821 1130 1868 Padre
1162 1821 1206 1866 in
1250 1820 1334 1868 X.⁰
1373 1820 1793 1878 osseruandissimo,

164 1896 236 1942 M.
272 1895 519 1943 Francesco
553 1896 747 1954 Palmio,
781 1897 938 1942 rettor'
965 1897 1025 1943 dil
1061 1895 1238 1959 colegio
1266 1896 1323 1942 de
1353 1895 1393 1942 la
1425 1895 1718 1959 Compagnia
1746 1896 1792 1942 di

162 1971 275 2031 Jesu
302 1971 347 2017 di
379 1971 600 2034 Bologna.
627 1970 847 2034 Bologna.

218 2114 229 2139 ¹
286 2117 405 2154 JOAN.
426 2126 483 2163 111,
509 2117 723 2154 8.—P0rro
751 2116 945 2162 Numagli,
971 2117 1095 2152 bonus
1123 2115 1237 2162 plane
1266 2115 1324 2152 vir
1349 2126 1395 2151 ac
1420 2115 1627 2152 Societatis
1651 2117 1793 2152 studio-

163 2177 351 2226 sissimus,
373 2179 512 2226 Ignatii
534 2179 825 2223 consuetudine,
846 2178 935 2213 dum
957 2178 1019 2214 hic
1039 2178 1078 2213 in
1099 2177 1199 2214 vivis
1219 2182 1333 2223 esset,
1355 2179 1631 2215 delectabatur.
1654 2179 1794 2215 Numa-

164 2243 217 2289 gli
239 2243 388 2279 litteras
409 2244 457 2278 ad
476 2243 669 2289 Ignatium
689 2242 853 2278 afferunt
872 2239 1008 2292 Epist.
1030 2238 1213 2288 llffixtae,
1234 2247 1260 2279 t.
1283 2251 1328 2291 11,
1351 2255 1438 2290 pag.
1462 2244 1591 2290 76-78.

217 2302 233 2327 ⁹
287 2306 446 2342 Fulvius
466 2306 692 2351 Androtius,
714 2306 823 2352 cujus
843 2305 982 2340 deinde
1002 2304 1150 2341 litteras
1170 2306 1331 2351 edimus,
1352 2317 1388 2343 n.
1413 2309 1526 2353 11'93.

216 2365 231 2389 ³
290 2367 446 2404 «Petrus
464 2367 636 2403 Joannes
657 2367 832 2412 Aleotus,
854 2366 1144 2412 Foroliviensis‚
1166 2371 1254 2413 post
1281 2368 1582 2415 resignationem
1609 2368 1791 2403 Bernardi

162 2424 380 2479 [Medices]‚
401 2429 451 2465 ad
471 2428 571 2465 hanc
591 2429 722 2465 sedem
742 2429 916 2475 pervenit
937 2438 1036 2464 anno
1055 2435 1168 2476 1551,
1185 2429 1394 2476 habuitque
1411 2430 1687 2476 coadjutorem,
1705 2440 1791 2465 cum

164 2490 311 2527 futurae
330 2502 398 2538 spe
418 2491 694 2538 successionis,
714 2492 911 2528 Simonem
939 2491 1138 2537 Aleotum‚
1159 2496 1352 2538 nepotem,
1374 2504 1473 2529 anno
1500 2500 1613 2540 1555,
1640 2504 1682 2528 11
1708 2492 1792 2528 De-

163 2554 364 2590 cembris».
385 2554 624 2599 UGHELLUS,
648 2550 784 2591 Italia
802 2564 943 2599 sacra,
966 2557 988 2591 t.
1014 2561 1054 2599 11,
1076 2554 1148 2589 col.
1172 2553 1263 2601 586.
