2066 3516
375 242 452 282 206
841 240 1082 282 Emsromss
1110 237 1439 291 Murus—1098

1067 423 1208 458 1⁰88

796 509 1090 547 LUDOVICUS
1119 509 1187 546 DE
1215 508 1486 547 COUDRETO

639 597 848 645 PATRI
891 597 1190 644 IGNATIO
1227 597 1322 644 DE
1359 596 1643 644 LOYOLA

763 693 994 720 FLORENTIA
1025 693 1073 719 22
1104 692 1319 719 FEBRUARII
1350 681 1452 732 1556
1481 679 1511 719 ¹.

324 773 451 808 Urbes
473 772 666 819 Aretium,
689 773 897 809 Cortonam
919 773 1091 819 aliasque
1111 772 1304 809 Coudreto
1329 774 1525 818 peragrat,
1553 782 1575 807 a
1595 769 1801 807 Societatis
1822 769 1956 806 amicis

379 835 755 872 invitatus—Sacra
782 847 941 872 munera
975 835 1170 872 fructuose
1204 836 1301 872 obit:
1330 835 1435 872 cives
1461 835 1642 872 instituit:
1671 844 1737 870 eos
1768 833 1954 870 societati

376 898 569 935 conciliat.

390 1047 550 1094 Molto
584 1049 709 1096 Rdo.
743 1049 788 1095 in
819 1049 1006 1096 Christo
1040 1050 1187 1096 Padre
1221 1060 1390 1097 nostro.
1429 1048 1497 1095 La
1527 1048 1672 1112 gratia
1699 1059 1744 1094 et
1779 1064 1887 1111 pace
1910 1047 1956 1094 di

325 1121 513 1168 Christo
539 1134 695 1168 nostro
720 1123 877 1186 signor
901 1141 974 1170 sea
999 1140 1182 1187 sempre
1208 1123 1279 1169 nel
1305 1134 1462 1169 nostro
1495 1122 1717 1168 continuo
1742 1120 1889 1167 fauor’
1912 1132 1958 1167 et

324 1196 462 1242 aiuto.
497 1195 638 1242 Hora
669 1213 863 1243 saranno
896 1198 972 1244 doi
1005 1198 1244 1244 settimane
1280 1196 1417 1262 ch'jo
1449 1196 1493 1243 in
1527 1197 1734 1243 Cortona
1763 1195 1956 1241 rescrissi

323 1288 347 1316 a
371 1270 428 1316 V.
458 1270 518 1318 R.
547 1270 616 1329 P.,
643 1283 687 1317 et
710 1284 869 1335 questa
893 1284 1067 1335 passata
1093 1290 1182 1318 non
1209 1273 1367 1329 scrissi,
1398 1289 1478 1335 per
1502 1288 1596 1318 non
1620 1287 1763 1317 essere
1787 1270 1832 1316 in
1858 1269 1957 1316 luo-

324 1362 398 1408 go,
424 1346 610 1409 quando
636 1348 769 1409 passo
795 1347 822 1392 il
849 1349 1095 1410 procaccio,
1121 1348 1274 1394 donde
1290 1347 1344 1412 jo
1369 1346 1534 1410 potessi
1558 1344 1764 1392 mandar'
1783 1345 1954 1392 lettere.

328 1420 607 1483 Replichero
652 1420 695 1466 in
743 1437 921 1467 somma
957 1422 1109 1485 quello
1149 1421 1220 1468 ch'
1247 1422 1271 1467 e
1312 1421 1531 1468 accaduto
1571 1436 1653 1484 per
1693 1420 1835 1483 gratia
1883 1419 1956 1465 del

323 1495 512 1559 Signore
531 1497 779 1558 doppo'ch'
801 1497 1027 1544 arriuamo
1047 1497 1092 1543 in
1112 1499 1321 1555 Arezzo,
1341 1497 1462 1543 doue
1479 1496 1622 1542 siamo
1637 1495 1739 1541 stati
1757 1508 1816 1555 33
1835 1494 1956 1557 gior-

321 1572 381 1627 ni,
407 1583 452 1616 et
477 1571 745 1634 predichato
770 1570 812 1617 le
835 1571 1107 1618 domeniche
1131 1583 1176 1618 et
1200 1570 1312 1618 feste
1332 1571 1372 1617 la
1391 1571 1594 1627 mattina,
1614 1582 1658 1617 et
1678 1570 1705 1616 il
1731 1569 1779 1616 di
1800 1570 1957 1632 doppo

319 1645 523 1691 desinare
551 1643 580 1692 ².
617 1645 729 1691 Non
754 1645 852 1691 solo
879 1645 918 1692 le
944 1644 1076 1703 feste,
1103 1663 1176 1692 ma
1201 1646 1306 1692 tutti
1341 1646 1352 1691 i
1384 1645 1432 1692 di
1460 1644 1600 1691 feriali
1624 1645 1822 1691 hauemo
1846 1644 1957 1690 letto

323 1718 440 1766 della
467 1720 671 1766 dottrina
694 1720 956 1778 christiana3
981 1732 1027 1767 et
1050 1722 1061 1767 i
1088 1721 1236 1784 giorni
1262 1720 1377 1767 delle
1396 1719 1508 1766 feste
1532 1720 1569 1766 c'
1591 1719 1615 1765 ἐ
1640 1735 1820 1782 sempre
1843 1729 1959 1764 stata

322 1793 497 1856 grande
524 1793 773 1850 audientia,
805 1805 849 1840 et
881 1794 923 1840 la
953 1795 1144 1841 mattina
1169 1795 1253 1840 alla
1286 1794 1522 1857 predicha‚
1553 1805 1599 1840 et
1623 1792 1652 1839 il
1688 1793 1738 1840 di
1771 1792 1853 1839 alla
1878 1792 1959 1838 let-

324 1869 460 1915 tione.
490 1867 553 1914 Et
569 1868 622 1932 jo
649 1884 740 1915 non
760 1878 998 1931 aspettauo
1018 1879 1142 1915 tanta
1161 1869 1390 1915 audientia
1408 1868 1453 1914 in
1472 1867 1621 1932 quella
1639 1867 1747 1914 cittzi
1772 1866 1958 1930 piccola,

325 1943 501 1990 benche
526 1944 699 2007 grande
723 1944 768 1990 di
795 1944 940 2001 virts„
966 1957 1009 1990 et
1035 1946 1095 1991 mi
1121 1945 1236 1991 disse
1269 1944 1297 1991 il
1324 1944 1517 2002 vicari0,
1543 1944 1626 1990 che
1650 1959 1740 1989 non
1760 1942 1796 1988 si
1820 1941 1958 1988 ricor-

324 2020 441 2065 daua
466 2019 606 2064 hauer
631 2019 749 2065 uisto
777 2020 986 2083 maggior
1010 2020 1239 2067 audientia
1264 2019 1352 2066 mai
1378 2019 1422 2065 in
1448 2018 1600 2083 quello
1624 2018 1780 2064 domo.
1807 2016 1958 2062 Vene-

325 2093 422 2139 uaci
448 2093 557 2157 ogni
582 2094 820 2140 domenica
845 2093 874 2140 il
899 2095 1027 2141 detto
1051 2094 1236 2152 vicario,
1257 2106 1301 2140 et
1320 2105 1439 2140 tutta
1458 2093 1497 2139 la
1523 2092 1710 2139 nobilitiz
1734 2091 1778 2138 d'
1805 2091 1958 2137 Arez-

330 2184 412 2215 zo:
440 2168 499 2231 gli
526 2168 673 2231 giorni
701 2167 840 2214 feriali
866 2169 1094 2215 veniuano
1127 2168 1211 2214 alla
1241 2168 1427 2215 lettione
1459 2166 1575 2214 della
1604 2165 1807 2213 dottrina
1838 2165 1957 2211 chri-

328 2243 471 2288 stiana
496 2242 508 2287 i
533 2241 724 2288 scholari
749 2254 794 2288 et
817 2243 929 2288 altre
954 2243 1095 2289 molte
1121 2259 1325 2306 persone,
1351 2255 1395 2289 et
1419 2242 1691 2288 arriuauano
1713 2257 1841 2286 cerea
1859 2254 1955 2300 300

276 2309 279 2313 ¹
329 2317 541 2375 auditori,
568 2334 596 2363 o
620 2334 760 2376 cerea,
786 2317 831 2363 in
856 2318 967 2364 detti
995 2318 1141 2381 giorni
1161 2316 1322 2364 feriali:
1349 2329 1393 2363 et
1411 2334 1492 2380 per
1516 2316 1659 2380 gratia
1677 2315 1748 2362 del
1767 2314 1955 2378 Signore

327 2391 361 2437 s'
381 2393 405 2438 ἐ
430 2390 546 2437 fatto
573 2392 718 2438 molto
746 2390 904 2438 frutt0.
935 2393 1123 2450 Perche,
1148 2404 1447 2456 quantunque
1465 2390 1584 2437 fusse
1608 2402 1765 2454 tempo
1789 2391 1833 2437 di
1859 2406 1956 2436 car-

329 2467 523 2523 neualle,
558 2466 837 2513 nondimeno
869 2484 1121 2513 correuano
1161 2468 1200 2513 le
1232 2483 1426 2530 persone
1465 2466 1548 2511 alla
1589 2463 1871 2511 confessione
1910 2476 1956 2511 et

328 2541 670 2599 communione,
695 2558 825 2587 come
850 2558 896 2587 se
922 2541 1041 2588 fusse
1064 2542 1110 2589 di
1135 2542 1419 2606 quaresima3
1441 2553 1485 2587 et
1500 2540 1553 2605 jo
1577 2541 1755 2587 sentiuo
1779 2537 1955 2586 confes-

327 2616 443 2662 sioni
471 2616 510 2662 la
535 2616 749 2673 mattina,
774 2628 818 2662 et
844 2616 1021 2662 haueuo
1054 2617 1162 2681 ogni
1189 2616 1378 2662 mattina
1411 2627 1534 2662 tante
1558 2613 1849 2671 confessioni,
1873 2615 1955 2660 che

329 2706 496 2753 pareua
520 2690 629 2754 ogni
661 2689 710 2736 di
743 2688 862 2736 fusse
895 2690 934 2735 la
964 2690 1200 2736 settimana
1230 2701 1377 2746 santa,
1410 2689 1573 2736 stando
1608 2689 1747 2735 molte
1773 2688 1885 2734 hore
1914 2686 1955 2733 le

328 2781 518 2827 persone
544 2765 813 2827 aspettando
833 2782 913 2828 per
928 2777 1106 2828 potet-se
1124 2764 1376 2811 confessare
1391 2781 1476 2811 con
1497 2781 1581 2811 me.
1604 2763 1667 2810 Et
1687 2763 1828 2810 molte
1852 2780 1954 2826 per-

325 2855 434 2885 sone
470 2839 529 2885 mi
561 2838 716 2885 hanno
752 2855 985 2903 promesso
1018 2851 1063 2886 et
1102 2839 1421 2886 comminciato
1451 2838 1725 2886 confessarse
1755 2848 1801 2884 et
1829 2854 1953 2884 com-

381 2992 392 3017 ¹
450 2993 508 3030 Ex
536 2995 777 3041 autographo
805 2995 843 3030 in
872 2996 946 3031 vol.
977 2991 1075 3032 Litt.
1107 2990 1330 3043 Quadrim.
1359 2990 1495 3044 1556,
1522 2993 1662 3040 triplici
1689 2992 1794 3039 folio,
1822 3002 1857 3028 n.
1889 3000 1952 3040 27,

326 3057 431 3103 prius
446 3057 717 3105 53-55.-—Hac
732 3057 895 3104 epistola
907 3068 998 3094 usus
1014 3062 1071 3095 est
1084 3058 1291 3104 POLANCO,
1305 3061 1330 3095 t.
1344 3066 1401 3104 vl,
1415 3068 1503 3104 pag.
1522 3066 1705 3104 143-147,
1719 3067 1754 3092 n.
1771 3063 1955 3103 545-547.

381 3118 396 3141 ‘²
451 3120 550 3157 Vide
572 3120 680 3167 epist.
703 3120 951 3167 superiorem.
