2066 3516
311 283 388 310 100
780 269 1016 307 EPISTOLAE
1045 268 1377 308 Momm—1066

257 378 312 426 P.
348 376 579 424 Leonardi
611 374 622 399 ¹
654 374 807 421 medio
841 374 1003 420 miliari
1038 373 1132 420 fere
1164 374 1380 432 distabat,
1416 375 1477 422 sic
1512 375 1661 438 ipsum
1698 375 1907 436 humeris

257 451 499 515 deportaui
541 451 596 496 ad
628 450 823 496 domum
856 449 1027 506 Patris;
1058 449 1137 496 sed
1168 449 1346 496 duabus
1379 450 1502 497 horis
1539 467 1621 513 per
1654 449 1901 496 Coloniam-

255 525 607 580 haesitauimus,
653 524 787 588 quia,
831 524 909 587 qui
947 522 1263 583 deferebatur,
1305 542 1361 571 ex
1397 525 1632 572 debilitate
1671 525 1905 588 quiescere

253 600 454 656 volebat,
487 616 576 663 ego
608 597 955 662 defatigatione:
987 599 1152 646 deinde
1183 600 1378 646 domum
1413 600 1657 657 nesciebat,
1692 601 1771 647 sed
1807 617 1899 645 non

254 673 414 737 procul
440 672 595 719 abesse
621 672 733 719 mihi
760 689 940 736 semper
965 672 1127 721 aiebat.
1155 673 1371 720 Tandem
1406 674 1667 720 inuenimus
1701 675 1901 720 domum

252 749 456 795 maxime
481 749 801 806 desideratam,
827 760 872 795 et
905 749 1092 796 Patrem
1126 761 1335 796 nostrum
1371 750 1686 808 Leonardum,
1718 749 1899 796 fontem

252 823 482 870 charitatis
509 834 554 869 et
578 823 770 885 pietatis.
798 823 1001 869 Tantam
1032 823 1299 870 charitatem
1332 825 1376 870 in
1408 825 1596 871 homine
1628 825 1780 871 adhuc
1805 841 1901 870 non

252 898 362 945 vidi.
389 897 510 958 Quis
533 914 738 961 vnquam
766 897 902 943 talem
935 897 1041 943 satis
1073 898 1257 945 laudare
1291 898 1476 945 Patrem
1511 898 1665 956 sciret,
1698 899 1775 963 qui
1803 910 1900 944 tam

252 971 577 1028 amicabiliter,
619 988 727 1017 cum
770 982 899 1016 tanto
941 971 1043 1017 zelo
1081 973 1249 1018 amoris
1293 970 1456 1018 fratres
1498 989 1659 1018 omnes
1700 972 1904 1035 recipere

252 1046 457 1093 nouerit?
490 1046 566 1093 M.
594 1045 830 1092 Gerardus
847 1046 1184 1111 jucundissime
1208 1063 1255 1092 se
1280 1046 1478 1092 habebat
1502 1063 1607 1092 cum
1633 1063 1717 1092 suo
1742 1046 1893 1093 Patre.

250 1121 305 1167 ln
329 1121 402 1168 die
429 1120 642 1166 omnium
674 1132 939 1166 sanctorum
971 1119 1165 1167 confessi
1196 1133 1241 1167 et
1272 1121 1598 1167 communicati
1625 1138 1785 1167 omnes
1809 1119 1904 1167 fui-

251 1212 367 1252 mus,
395 1208 533 1259 atque
559 1195 604 1241 in
631 1195 826 1257 prandio
851 1212 957 1241 cum
985 1196 1122 1242 Patre
1146 1195 1249 1242 laeti
1275 1197 1320 1242 in
1351 1196 1576 1244 Domin0.

316 1270 526 1331 Jodocus
550 1282 595 1316 et
619 1268 820 1316 famulus
846 1270 1038 1316 libenter
1069 1271 1245 1334 pedites
1277 1271 1322 1317 in
1353 1271 1426 1318 die
1451 1271 1706 1317 animarum
1733 1270 1895 1317 disces-

251 1355 437 1392 serunt:
472 1345 746 1391 dederamus
776 1345 838 1391 eis
869 1357 996 1391 scuta
1027 1363 1060 1404 4
1091 1362 1177 1408 pro
1213 1346 1397 1403 viatico,
1429 1358 1474 1392 et
1505 1363 1650 1392 unum
1685 1344 1902 1402 Nicolao,

252 1419 445 1466 alterum
488 1419 711 1477 Louanii,
744 1436 799 1465 ne
832 1419 1066 1479 Jodocum
1101 1419 1146 1465 in
1179 1419 1339 1466 itinere
1371 1420 1658 1482 relinqueret.
1685 1419 1903 1480 Jodocus

253 1503 359 1557 post
383 1509 582 1549 sacrum,
609 1491 728 1538 facta
750 1492 992 1538 collatione
1027 1492 1073 1538 in
1109 1492 1332 1555 hospitiO,
1365 1492 1499 1540 rediit
1530 1493 1698 1539 iterum
1724 1491 1781 1538 ad
1809 1491 1897 1538 Pa-

250 1580 391 1625 trem,
416 1567 566 1630 coepit
591 1567 629 1613 ei
657 1566 801 1613 multa
826 1565 1011 1624 referre,
1037 1567 1165 1631 quod
1191 1567 1371 1613 Romae
1398 1567 1598 1631 policem
1627 1567 1684 1613 de
1709 1581 1773 1627 30
1797 1582 1897 1611 scu-

250 1641 308 1688 tis
334 1641 608 1705 scripsisset,
635 1657 752 1704 quae
776 1640 1015 1687 Bruxellae
1046 1641 1224 1688 soluere
1255 1641 1477 1700 debebat,
1503 1641 1673 1688 deinde
1698 1640 1825 1704 quod
1850 1639 1897 1686 in

252 1716 412 1763 itinere
437 1727 507 1762 tot
530 1715 745 1779 pecunias
768 1732 861 1761 non
886 1716 1186 1778 expendisset.
1212 1715 1281 1762 Sic
1310 1715 1467 1773 Pater,
1493 1732 1650 1761 rerum
1676 1715 1902 1771 nesciens,

251 1791 382 1854 petiit
406 1790 519 1854 quid
544 1789 751 1837 volebat:
778 1790 864 1836 tria
883 1801 962 1836 aut
978 1808 1011 1849 4
1033 1802 1176 1847 scuta,
1198 1790 1368 1853 inquit,
1385 1789 1555 1854 quibus
1572 1789 1758 1851 possim,
1784 1789 1898 1835 dum

251 1882 331 1911 ero
358 1863 616 1922 Bruxellae,
645 1863 818 1926 aliquid
843 1864 953 1910 mihi
974 1880 1255 1927 comparare.
1290 1864 1516 1911 Nolendo
1553 1864 1689 1910 Pater
1713 1877 1902 1926 tragoe-

251 1940 374 1988 diam
416 1939 615 2003 aliquam
648 1937 817 1998 facere,
853 1950 899 1985 et
933 1951 982 1985 vt
1012 1951 1256 1985 contentus
1287 1940 1559 1998 discederet,
1592 1938 1896 2002 libentiusque

251 2014 482 2078 praedicta
506 2025 634 2060 scuta
658 2012 870 2070 solueret,
898 2013 1032 2059 Pater
1042 2013 1180 2077 jussit
1199 2013 1237 2059 ei
1263 2012 1359 2058 dari
1381 2013 1530 2059 adhuc
1548 2013 1662 2058 duas
1685 2027 1900 2059 coronas:

250 2105 392 2152 porro
431 2088 575 2135 abiuit
616 2089 661 2134 in
700 2100 851 2134 sancta
892 2105 1012 2151 pace.
1047 2088 1124 2136 M.
1157 2088 1395 2135 Gerardus
1425 2098 1472 2134 et
1501 2104 1588 2151 ego
1624 2104 1730 2134 cum
1768 2086 1899 2151 equis

251 2162 505 2209 mansimus
531 2161 751 2208 Coloniae
785 2178 863 2207 sex
897 2161 1058 2208 diebus
1082 2174 1272 2224 propter
1307 2172 1629 2224 tempestatem
1661 2160 1899 2224 temporis,

253 2237 334 2286 M.
361 2236 614 2293 Gerardus,
638 2236 832 2283 debilior
852 2236 1005 2299 potius
1021 2252 1161 2300 quam
1182 2234 1362 2294 fortior,
1383 2235 1534 2282 fiebat.
1551 2235 1702 2291 Pater,
1731 2235 1900 2281 doctus

251 2310 530 2375 experientia
554 2310 611 2357 ab
635 2310 730 2356 aliis
759 2310 972 2373 aegrotis,
1004 2310 1082 2374 qui
1115 2310 1310 2356 Colonia
1347 2310 1665 2368 transiuerant,
1690 2309 1894 2356 conside-

251 2385 396 2443 rauit,
420 2384 550 2449 quod
573 2395 762 2430 venerat
787 2383 942 2429 Roma
965 2395 1010 2429 et
1035 2399 1231 2446 paruum
1262 2382 1346 2429 iter
1369 2382 1588 2440 restabat,
1617 2399 1696 2428 nos
1721 2382 1902 2446 equites

251 2459 425 2507 dimisit
450 2457 747 2505 Dordracum
771 2473 945 2504 versuS.
975 2457 1050 2503 M.
1077 2456 1316 2503 Gerardus
1339 2456 1515 2520 optime
1539 2469 1584 2504 et
1608 2457 1799 2503 honeste
1822 2457 1894 2503 in-

253 2534 409 2592 dutus,
436 2543 488 2578 ut
512 2532 570 2578 ad
601 2541 794 2578 matrem
828 2530 1015 2577 alacrius
1046 2530 1233 2590 rediret,
1269 2541 1315 2577 et
1342 2543 1485 2578 vento
1517 2548 1566 2578 ac
1592 2531 1760 2595 pluuiis
1788 2531 1899 2577 resi-

253 2619 370 2654 stere
393 2606 555 2653 melius
578 2617 741 2669 posset.
768 2603 834 2665 3.⁰
856 2605 929 2651 die
953 2617 1057 2668 post
1079 2604 1344 2662 discessum,
1369 2605 1481 2651 hora
1505 2617 1667 2670 quarta
1697 2622 1722 2651 a
1747 2604 1897 2651 media

255 2692 410 2739 nocte,
447 2697 575 2727 more
605 2679 755 2726 italico
785 2678 903 2726 circa
931 2678 1180 2738 decimam,
1213 2679 1288 2728 M.
1322 2678 1558 2726 Gerardus
1588 2678 1806 2743 migrauit
1838 2677 1897 2724 ad

255 2756 421 2814 coelos,
445 2755 575 2802 cuius
599 2754 751 2801 anima
777 2753 1031 2817 requiescat
1055 2753 1102 2800 in
1125 2765 1278 2800 sancta
1301 2770 1429 2817 pace.

321 2830 444 2878 Rde.
471 2828 629 2887 Pater,
655 2844 747 2874 non
771 2844 961 2891 possum
996 2826 1141 2874 filium
1172 2839 1306 2874 tuum
1338 2839 1431 2874 tam
1457 2827 1770 2884 obedientem,
1797 2835 1895 2871 tam

253 2914 455 2961 castum,
480 2914 575 2949 tam
607 2901 853 2959 humilem,
885 2913 980 2948 tam
1011 2917 1205 2965 purum,
1230 2901 1336 2948 satis
1368 2901 1458 2947 tuis
1487 2901 1654 2948 sanctis
1683 2897 1901 2963 precibus

254 2996 306 3027 ac
325 2977 550 3025 sacrificiis
568 2976 889 3024 conmendare.
912 2975 1010 3022 Etsi
1028 2975 1233 3039 prolixus
1257 2975 1426 3034 videar,
1449 2993 1540 3023 non
1562 2986 1716 3021 tamen
1734 2971 1901 3019 tacebo

313 3139 328 3167 ¹
385 3140 534 3177 Domus
554 3139 704 3177 scilieet
723 3138 848 3175 Patris
868 3137 1059 3176 Leonardi
1081 3137 1233 3182 Kessel,
1253 3138 1335 3175 sive
1355 3138 1595 3175 domicilium
1615 3134 1842 3175 Societatis.
