2066 3516
755 255 770 282 1
779 243 802 282 8
831 242 1083 282 Novzussms
1113 253 1131 281 1
1139 253 1216 293 555
1701 242 1753 293 89

160 348 358 413 risposto
382 347 438 394 al’
457 364 538 394 ora
567 347 652 394 che
683 348 755 394 0ὶό
791 346 861 394 far
893 365 985 394 non
1018 347 1053 394 si
1085 363 1279 411 posseua
1303 363 1384 410 per
1414 346 1476 410 gli
1509 346 1659 394 ordini
1684 346 1742 394 de
1767 346 1810 392 la

161 423 405 488 religione,
437 440 483 470 se
513 440 606 469 non
637 423 671 469 si
703 423 871 470 daseua
903 423 1080 487 colegio
1113 423 1283 481 intem,
1315 422 1449 487 quale
1480 439 1578 479 era,
1608 423 1809 470 secondo

160 515 244 545 suo
266 510 488 556 costume,
512 498 569 545 de
595 514 653 558 14
671 498 884 563 religiosi,
905 497 1105 562 perilche
1126 497 1167 543 la
1180 497 1362 543 sudetta
1379 497 1617 543 comunitzi
1637 508 1806 555 nostra,

163 589 255 619 non
280 573 341 636 gli
367 572 583 619 uedendo
610 572 638 618 il
665 573 807 620 modo
825 572 870 620 di
891 573 1144 619 mantener'
1165 572 1300 628 tanti,
1321 588 1367 618 se
1385 571 1611 628 resti-inse,
1631 589 1655 618 e
1678 574 1810 618 cess&

160 647 206 694 di
233 663 314 693 sua
337 647 582 694 domanda.
613 647 753 694 Hora
784 664 899 694 sono
933 647 1035 693 stati
1067 663 1159 710 qua
1191 646 1269 693 doi
1295 646 1403 693 Rdi.
1435 646 1573 692 Padri
1600 646 1657 693 de
1682 647 1808 693 detta

162 720 470 786 Compagnia,
494 722 633 786 quali,
658 722 872 769 vedendo
898 733 1054 768 nostro
1074 721 1271 784 bisogno
1296 733 1341 767 et
1365 721 1394 766 il
1414 719 1566 767 fructo
1591 722 1625 767 si
1652 736 1807 785 potre-

161 794 218 842 be
249 793 320 842 far
350 795 395 842 in
428 807 587 860 queste
618 795 787 853 bande,
820 795 1034 842 hauendo
1058 795 1103 841 d'
1123 794 1186 858 gli
1220 794 1394 841 homini
1425 795 1543 841 dotti
1577 807 1622 841 et
1653 812 1810 843 exem-

161 868 295 933 plari,
321 870 365 916 n‘
385 871 540 917 hanno
567 869 686 917 fatto
709 870 886 928 animo,
917 880 964 916 et
990 879 1192 932 prestato
1217 869 1370 915 ardire
1400 886 1485 915 con
1517 886 1596 916 sue
1622 870 1809 933 pai-olle,

160 944 244 991 che
286 961 342 991 ne
376 943 566 991 sarebbe
606 943 716 991 forsi
750 961 964 991 concesso
994 943 1067 990 0ἱό
1106 943 1190 989 che
1224 943 1575 991 rechiedeuamo
1600 945 1644 991 d’
1667 945 1811 992 hauet-

162 1017 313 1064 minor
338 1035 545 1064 numero.
573 1018 694 1064 Per&
716 1018 756 1064 la
773 1018 956 1064 sudetta
973 1016 1211 1064 comunitai
1232 1028 1387 1063 nostra
1405 1018 1462 1063 de
1490 1034 1614 1063 nouo
1638 1017 1810 1081 suplica

160 1090 202 1137 la
228 1092 287 1138 R.
318 1092 369 1138 P.
403 1092 464 1140 V.
501 1092 535 1138 si
567 1092 705 1156 degni
739 1091 796 1138 de
827 1089 956 1137 farne
986 1089 1132 1154 gratia
1163 1090 1220 1137 de
1252 1091 1328 1136 doi
1361 1091 1480 1137 dotti
1513 1091 1738 1137 sacerdoti
1764 1103 1812 1138 et

161 1177 359 1213 maesti-o
384 1184 477 1213 vno
503 1166 627 1213 bono
651 1166 710 1213 da
739 1165 881 1224 scola,
913 1164 1154 1229 percioche
1188 1164 1273 1210 neli
1306 1165 1514 1229 principij
1549 1182 1595 1212 se
1620 1165 1810 1212 afferma

162 1241 330 1305 meglio
356 1241 428 1288 nel
453 1241 638 1305 puocho
662 1241 745 1287 che
771 1240 857 1287 nel’
879 1256 1022 1303 assay‚
1047 1239 1276 1303 sperando
1293 1240 1364 1286 nel
1384 1240 1542 1304 signor
1565 1240 1700 1287 Iddio
1725 1242 1811 1287 che

160 1315 244 1361 essi
279 1313 438 1361 fai-ano
475 1313 627 1361 fructo
663 1331 806 1378 assay,
831 1326 877 1361 et
908 1331 999 1377 noy
1032 1329 1123 1360 con
1158 1324 1258 1360 tuta
1292 1325 1448 1360 nostra
1484 1331 1708 1378 possanza
1746 1315 1809 1378 gli

160 1387 338 1436 faremo
379 1388 530 1453 quella
569 1401 701 1453 grata
736 1387 1012 1452 compagnia
1047 1389 1146 1434 sara‘.
1174 1388 1500 1446 conueniente,
1531 1388 1809 1435 offerendosi

160 1480 340 1527 sempre
371 1480 396 1509 a
428 1464 487 1510 V.
526 1464 585 1510 R.
621 1463 670 1510 P.
703 1462 997 1520 deditissimi‚
1030 1462 1315 1527 pregandola
1355 1462 1454 1510 nele
1494 1464 1702 1510 oratione
1731 1480 1811 1510 sue

162 1538 207 1584 n'
226 1537 359 1584 habia
383 1554 407 1584 a
432 1539 658 1584 memoria
678 1537 708 1586 ¹.
736 1538 812 1583 Da
849 1536 1120 1601 Morbegno
1153 1535 1208 1582 ali
1247 1539 1302 1583 18
1330 1537 1606 1584 Novembre
1631 1537 1706 1584 del
1734 1552 1810 1600 55.

162 1612 239 1659 De
263 1612 325 1660 V.
354 1613 418 1659 R.
448 1612 500 1659 P.
528 1611 943 1669 affettionatissimi,

432 1695 494 1742 L1
531 1712 718 1743 AGENTI
759 1711 820 1742 DE
858 1711 919 1742 LA
958 1690 1228 1743 οοΜυΝιΤᾸ
1268 1711 1328 1742 DE
1367 1695 1680 1743 MORBEGNO.

227 1788 481 1852 Inscriptio:
514 1789 579 1836 Al
612 1788 759 1836 molto
798 1788 924 1837 Rdo.
967 1787 1129 1845 Padre‚
1170 1788 1265 1835 don
1305 1788 1562 1852 Hignafio,
1602 1788 1815 1852 generale

163 1863 454 1911 meritissimo
477 1863 579 1911 dela
601 1862 893 1927 Compagnia
922 1862 995 1910 del
1024 1863 1163 1923 Jesfl,
1198 1875 1356 1910 nostro
1384 1863 1814 1919 osservandissimo,

163 1938 212 1988 A
238 1938 409 1986 Roma.
435 1938 546 1985 Alia
571 1955 720 1985 manu:
748 1938 846 1986 R.ta
868 1937 940 1985 alli
966 1953 1023 1985 21
1052 1938 1098 1986 di
1125 1938 1400 1985 Decembre.

218 2093 232 2119 ¹
290 2095 392 2132 Vide
430 2095 638 2142 epistolam
672 2094 922 2142 superiorem.
954 2094 1012 2132 De
1050 2094 1125 2131 hoc
1158 2105 1250 2132 vero
1281 2095 1488 2142 collegiolo
1526 2094 1629 2131 infra
1672 2094 1815 2130 redibit

165 2168 305 2196 sermo.
