2008 3510
334 235 409 275 722
798 224 1033 270 EmsroLAE
1063 224 1396 275 M1xTAz—1299

345 329 415 375 La
446 318 679 392 rengratio
709 329 753 375 di
787 347 947 376 nuouo
968 330 997 387 ¹,
1034 331 1199 393 perche
1241 330 1349 393 ogni
1391 329 1504 375 hora
1544 346 1626 392 per
1661 346 1800 393 opera
1836 347 1917 377 sua

277 421 470 450 nascano
522 403 954 467 marauigliosissimi
997 403 1127 451 frutti
1177 404 1421 468 spirituali,
1462 415 1507 450 et
1546 421 1591 450 se
1632 421 1688 450 ne
1724 421 1916 467 spei-ano

276 479 473 524 anchora
506 479 757 542 maggiori,
786 480 1119 542 perseuerando
1151 497 1231 525 sua
1266 479 1491 542 paternita
1533 479 1634 524 nell'
1680 479 1916 528 affaticarsi

277 553 320 598 in
347 563 508 616 questa
534 553 621 597 mal
647 553 861 598 coltiuata
886 554 1038 616 uigna.
1067 553 1130 600 Et
1156 571 1202 599 se
1228 553 1343 598 bene
1362 553 1422 598 mi
1442 552 1625 599 confido
1649 564 1778 600 tanto
1803 554 1916 600 nella

278 628 420 674 bonta
451 627 496 673 di
530 627 589 675 V.
625 627 702 685 R.,
734 627 816 673 che
848 645 937 674 non
975 627 1210 691 patirebbe
1240 627 1335 673 cosi
1368 644 1479 690 gran
1510 627 1663 673 danno
1687 627 1732 674 di
1757 640 1916 692 questa

277 702 443 758 chiesa,
475 718 605 747 come
637 701 825 747 sarebbe
857 702 1054 764 priuarla
1078 701 1151 748 del
1188 702 1335 748 Padre
1365 702 1457 747 don
1485 701 1722 759 Siluestro,
1747 703 1914 750 nondi-
1957 744 1959 746 .

279 793 438 834 meno,
466 786 654 822 astretto
685 776 757 822 dal
790 776 883 822 mio
914 776 1220 840 grandissimo
1251 775 1446 839 bisogno
1475 786 1520 822 et
1551 775 1668 822 dalla
1692 777 1917 823 rarissima

279 851 419 897 bonta
449 868 549 908 sua,
580 831 904 897 deiiotamente
936 851 976 897 la
1007 851 1215 915 supplico
1247 850 1329 896 che
1361 850 1403 895 lo
1442 849 1592 913 uoglia
1632 850 1916 898 confermare

277 943 358 990 per
389 926 529 990 guida
558 926 602 972 di
635 938 794 990 queste
826 927 1008 973 smarite
1040 925 1284 989 pecorelle,
1316 935 1361 970 et
1392 926 1600 988 reponer'
1621 926 1818 972 anchora
1844 943 1916 973 me

278 1001 347 1047 nel
374 1017 567 1046 numero
598 1000 643 1047 di
677 1001 775 1047 suoi
807 1000 1077 1048 affettionati
1112 1013 1157 1047 et
1181 998 1410 1062 discipoli,
1434 999 1600 1062 perche
1626 999 1670 1046 d’
1690 1017 1846 1046 amore
1871 1011 1916 1047 et

276 1075 531 1122 reuerentia
562 1092 654 1121 non
686 1076 801 1122 cedo
833 1094 856 1121 a
888 1093 1078 1123 nesuno.
1111 1075 1178 1121 La
1211 1074 1355 1138 gratia
1387 1084 1432 1119 et
1463 1073 1501 1118 la
1525 1090 1633 1136 pace
1659 1073 1731 1120 del
1756 1074 1914 1120 santis-

275 1150 391 1196 simo
422 1161 582 1196 nostro
613 1151 855 1197 redentore
889 1151 1114 1214 perseueri
1159 1158 1552 1214 perpetuamente.
1596 1148 1658 1193 Di
1703 1148 1915 1195 Modona

275 1225 345 1271 alli
373 1241 445 1284 VIJ
473 1225 518 1271 di
547 1224 747 1271 Febraro
779 1239 912 1288 1551.
940 1226 1003 1272 Di
1029 1226 1085 1273 V.
1119 1227 1177 1272 R.
1205 1240 1336 1271 come
1361 1221 1548 1285 figliolo,

1017 1319 1068 1364 IL
1107 1319 1341 1365 VEseouo
1380 1338 1430 1368 m
1467 1320 1716 1366 MODONA.

341 1420 597 1482 Inscriptio:
638 1420 699 1466 Al
725 1420 871 1467 molto
901 1422 1021 1468 Rd0.
1051 1422 1219 1482 Padre‚
1244 1425 1336 1470 don
1366 1424 1546 1488 Ignatio
1574 1421 1753 1485 Loyola
1770 1459 1782 1478 ‚
1807 1437 1912 1484 pre-

276 1495 428 1558 posito
451 1495 720 1558 dignissimo
750 1495 867 1541 della
899 1495 1189 1560 Compagnia
1220 1497 1276 1544 de
1311 1498 1461 1557 Gesfi,
1493 1515 1577 1545 suo
1607 1495 1914 1543 osseruandis-

276 1570 404 1616 simo.
436 1570 601 1616 Roma.

1027 1695 1172 1729 1299

717 1780 1018 1818 ALPHONSUS
1047 1781 1219 1818 NUNES
1250 1782 1484 1819 BARRETO

525 1867 762 1914 PATRI
817 1867 1144 1914 IGNATIO
1198 1870 1301 1916 DE
1354 1869 1662 1916 LOYOLA

628 1951 698 1999 [EX
727 1963 883 1989 SANCTO
914 1952 1077 2002 FELICE]
1108 1965 1158 2004 30
1183 1965 1340 1991 APRILIS
1369 1952 1507 2004 [1551]
1534 1951 1564 1991 ².

279 2058 379 2094 Acta
398 2058 437 2094 in
457 2058 718 2104 proximorum
749 2059 1031 2095 institutionem
1061 2060 1591 2097 commemorantur.—Pueri
1618 2059 1793 2096 doctrina
1817 2059 1913 2095 chri-

332 2122 458 2157 stiana
478 2121 922 2169 imbuuntur.—Oppida
943 2122 1071 2158 vicina
1086 2123 1470 2159 lustrantur.-—Socii
1485 2122 1533 2158 ad
1548 2121 1912 2166 SanctumFelicem
1951 2135 1964 2149 x

332 2185 433 2220 vires
454 2189 690 2230 recuperant.

1095 2237 1117 2271 †

1051 2272 1150 2332 Jhs.

352 2372 623 2419 Reverende
653 2372 698 2418 in
730 2372 917 2419 Christo
950 2373 1098 2420 Pater.
1133 2373 1293 2420 Gratia
1333 2386 1378 2420 et
1418 2390 1548 2419 amor
1588 2372 1758 2420 Christi
1799 2371 1915 2418 adsit

282 2463 460 2510 semper
486 2446 633 2493 nobis.
663 2448 830 2493 Amen.

284 2600 363 2632 mat
382 2597 567 2642 populum
588 2596 694 2632 illum
722 2596 917 2641 accepisse
941 2601 978 2631 et
1004 2596 1042 2632 in
1071 2596 1153 2632 dies
1180 2596 1355 2642 accipere
1378 2599 1527 2631 tantum
1547 2595 1725 2632 utilitatis
1746 2605 1791 2630 ac
1811 2604 1912 2630 com-

285 2659 389 2694 modi
411 2659 632 2705 spiritualis,
650 2662 691 2693 ut
706 2662 793 2704 post
810 2657 993 2694 Sanctum
1013 2658 1294 2705 Gemfflianum,
1310 2663 1352 2695 ut
1371 2663 1458 2695 utar
1473 2659 1554 2705 ejus
1574 2657 1702 2694 verbis
1718 2655 1768 2705 (is
1785 2662 1910 2692 autem

287 2721 356 2756 fuit
373 2721 589 2767 Episcopus
604 2721 835 2756 Mutinensis
851 2725 1021 2767 tempore
1040 2721 1169 2767 magni
1188 2720 1331 2756 Leonis
1347 2718 1574 2769 Pontificis),
1591 2720 1638 2755 ab
1655 2719 1731 2755 alio
1748 2718 1913 2764 amplius

284 2794 491 2829 numquam
514 2784 722 2830 acceperit;
743 2785 843 2819 unde
864 2784 1027 2830 rogabat
1049 2783 1190 2819 obnixe
1211 2787 1252 2819 ut
1278 2784 1384 2830 gregi
1411 2782 1620 2819 mutinensi
1645 2783 1759 2818 talem
1782 2782 1913 2817 ducto-

284 2858 364 2882 rem
384 2857 430 2882 ne
452 2846 653 2883 auferret.»

339 2907 351 2932 ¹
409 2909 558 2945 Priores
590 2909 754 2954 litteras,
776 2909 914 2954 quibus
945 2908 974 2944 F
977 2909 1146 2945 oscarari
1177 2909 1326 2955 Ignatio
1357 2909 1502 2955 gratias
1533 2907 1690 2954 agebat,
1720 2906 1913 2942 edidimus

284 2982 410 3017 supra,
433 2983 468 3007 n.
495 2982 606 3018 1292.

339 3031 354 3055 2
410 3033 466 3068 Ex
486 3033 727 3079 autographo
748 3032 785 3068 in
803 3034 877 3069 vol.
897 3030 994 3070 Litt.
1016 3030 1194 3080 Quadr„
1223 3040 1475 3084 1547-1552,
1494 3031 1636 3078 duplici
1659 3031 1763 3077 folio,
1781 3041 1816 3066 n.
1839 3029 1912 3077 156

289 3102 323 3132 et
349 3105 435 3143 157,
457 3096 561 3142 prius
584 3095 812 3141 231.-—Non
835 3095 1057 3140 designatur
1077 3095 1115 3131 in
1137 3096 1301 3141 epistola
1322 3104 1455 3140 annus,
1474 3104 1549 3140 quo
1569 3093 1712 3139 scripta
1731 3096 1801 3138 est,
1818 3095 1912 3128 atta-
