2014 3528
340 270 416 317 340
802 255 1037 303 EPISTOLAE
1065 256 1286 303 MleAE—
1297 278 1312 304 1
1324 270 1396 316 142

285 372 400 419 delle
425 389 559 418 cuose
582 371 638 417 de
662 371 770 429 Dio,
795 383 840 417 et
864 387 1000 434 sopra
1026 382 1147 417 tutto
1171 382 1400 418 essortaua
1430 371 1514 418 alla
1550 370 1914 436 frequentatione

283 446 386 493 delli
413 446 527 492 santi
553 445 835 502 sacramenti,
854 445 899 491 di
922 445 1062 492 modo
1082 445 1183 501 tale,
1203 445 1285 492 che
1310 462 1418 503 vno,
1437 463 1523 493 con
1547 447 1617 493 chi
1644 448 1841 509 parlaua,
1863 446 1914 493 fu

283 539 369 568 con
399 531 650 567 constretto
679 520 748 567 col
782 519 938 567 feruor
967 520 1029 566 dil
1059 520 1221 583 spiritu
1252 537 1277 566 a
1307 520 1508 567 sclamar'
1545 532 1590 567 et
1622 521 1692 568 dir
1722 521 1836 568 bene
1867 522 1912 568 di

284 607 445 659 questo
473 595 619 641 Padre
645 594 980 658 publicamente
1004 594 1050 640 in
1073 611 1162 640 vna
1186 595 1351 641 strada.

349 669 387 716 Il
411 670 459 716 di
488 669 606 716 della
630 669 887 716 ascensione
910 668 921 693 ¹
947 668 1225 715 imbarcamo
1250 669 1406 732 doppo
1431 686 1610 732 pranso,
1629 687 1652 716 e
1675 669 1828 716 subito
1853 669 1913 716 da

282 761 401 808 poco
426 743 455 790 il
484 744 631 790 Padre
658 744 693 790 si
719 743 835 789 senti
868 742 1015 789 molto
1046 742 1164 789 male
1189 760 1270 806 per
1299 743 1487 807 cagione
1517 743 1588 790 del
1615 761 1754 803 mare,
1779 743 1911 807 quale

284 835 375 864 non
410 829 546 881 potea
585 818 701 881 patir
730 835 809 864 sua
839 817 1175 881 complexione:
1209 817 1268 863 iui
1300 818 1480 864 uomito
1513 835 1601 865 vna
1630 835 1743 882 gran
1767 835 1911 883 quan-

282 893 364 940 tita
384 893 429 940 di
455 893 618 951 colera,
643 904 689 940 et
713 910 804 939 non
831 893 933 938 alzo
953 892 994 938 la
1019 904 1132 938 testa
1151 909 1231 956 per
1255 892 1402 940 insino
1422 893 1460 939 al
1486 904 1621 957 porto
1636 894 1681 940 di
1710 894 1912 951 Pessaro,

282 968 436 1015 duoue
460 968 748 1014 arriuassimo
771 967 954 1030 (credo)
983 984 1006 1012 a
1026 978 1093 1013 tre
1118 967 1228 1014 hore
1246 967 1293 1014 di
1321 978 1461 1026 notte‚
1483 980 1527 1015 et
1542 968 1786 1015 habbiamo
1805 969 1912 1016 dor-

284 1042 397 1089 mito
421 1042 569 1106 quella
595 1053 720 1088 notte
745 1042 789 1088 in
815 1059 904 1088 vna
929 1041 1140 1090 hosteria.
1531 1085 1536 1090 .

347 1117 435 1163 Ma
453 1117 529 1180 poi
550 1116 590 1163 la
609 1117 780 1163 matina
805 1117 1016 1163 uisitamo
1042 1116 1070 1163 li
1096 1117 1271 1180 parenti
1298 1117 1354 1164 de
1371 1117 1611 1164 Cincinato
1631 1117 1662 1178 ²,
1682 1118 1770 1165 dali
1790 1117 1912 1183 quali

282 1192 426 1239 siamo
450 1191 554 1238 stati
579 1192 734 1238 riceuti
762 1191 905 1238 molto
937 1192 1358 1240 amicheuolmente.
1386 1193 1424 1239 Il
1455 1194 1595 1257 padre
1619 1194 1782 1241 uechio
1807 1211 1913 1258 pare

281 1267 364 1313 che
383 1266 470 1330 egli
495 1267 578 1313 stia
603 1267 946 1313 contentissimo
967 1267 1082 1313 della
1106 1278 1232 1314 santa
1252 1268 1489 1314 uocatione
1513 1267 1617 1314 delli
1642 1268 1739 1315 suoi
1765 1268 1913 1332 figlio-

282 1341 325 1399 li,
351 1352 396 1388 et
421 1342 613 1388 ridendo
637 1353 682 1388 et
705 1358 789 1388 con
823 1342 1123 1405 grandissima
1153 1342 1409 1406 allegrezza
1433 1342 1617 1406 parlaua
1648 1360 1734 1390 con
1767 1344 1840 1390 noi
1866 1344 1911 1391 di

281 1434 415 1464 cuose
441 1429 600 1464 santte.
628 1417 663 1482 ll
692 1417 906 1463 medemo
931 1418 1057 1481 quasi
1090 1417 1468 1464 dimonstrauano
1502 1417 1530 1464 li
1556 1417 1717 1464 fratelli
1749 1418 1855 1477 dua,
1884 1418 1912 1464 li

282 1490 403 1555 quali
429 1489 569 1537 fanno
596 1491 787 1554 (dicono
812 1508 891 1554 per
917 1508 1007 1538 non
1033 1505 1124 1538 star
1149 1492 1305 1554 otiosi)
1334 1485 1580 1538 mercantia
1611 1492 1657 1539 di
1691 1492 1843 1556 panni,
1867 1503 1913 1539 et
1936 1530 1950 1540 .

283 1566 435 1612 hanno
459 1583 549 1612 vna
573 1566 873 1633 botechacon
900 1584 960 1613 vn
980 1565 1165 1615 fattore:
1194 1567 1255 1631 gli
1273 1566 1517 1614 habbiamo
1541 1562 1725 1613 referito
1745 1566 1773 1613 il
1798 1583 1911 1630 gran

282 1659 524 1706 progresso
554 1642 636 1688 che
670 1642 698 1688 il
731 1653 887 1688 nostro
918 1642 1180 1689 charissimo
1211 1642 1484 1690 Cincinnato
1519 1640 1567 1689 fa
1600 1642 1646 1688 in
1676 1641 1837 1705 spiritu
1868 1652 1914 1688 et

282 1718 431 1764 letere.
454 1716 506 1763 Io
530 1717 631 1764 dico
655 1716 696 1763 al
721 1717 814 1764 mio
844 1718 1107 1764 charissimo
1133 1718 1394 1775 Cincinato,
1419 1717 1501 1763 che
1533 1717 1557 1763 ἐ
1590 1715 1853 1763 incredibile
1885 1715 1913 1762 l’

283 1791 591 1856 expettatione
621 1791 702 1837 che
734 1791 760 1837 li
793 1792 891 1838 suoi
925 1791 1062 1837 hann’
1094 1803 1349 1855 conceputo
1381 1792 1426 1838 di
1462 1808 1576 1850 esso,
1606 1801 1651 1837 et
1681 1790 1720 1836 la
1745 1788 1913 1837 faticha

283 1865 398 1914 deue
422 1883 539 1912 esser
563 1867 734 1930 grande
759 1884 839 1930 per
863 1867 1192 1930 corresponder
1217 1885 1240 1912 a
1266 1866 1427 1931 quella.

349 1941 576 1988 Venendo
601 1957 688 2004 pur
713 1941 749 1986 al
776 1942 1028 2005 proposito,
1056 1942 1267 1988 hauendo
1293 1941 1409 1988 fatto
1427 1941 1454 1987 il
1483 1952 1610 2004 patto
1628 1941 1742 1988 delle
1765 1941 1912 1987 caual-

284 2029 450 2073 cature‚
477 2015 713 2079 percioche
739 2016 768 2061 il
798 2016 847 2062 P.
877 2016 1043 2062 Fuluio
1069 2033 1160 2062 non
1186 2016 1318 2062 uolea
1335 2015 1550 2062 caminar'
1577 2017 1657 2079 piu
1683 2031 1765 2079 per
1789 2031 1911 2062 mare

283 2109 364 2155 per
394 2091 421 2137 l'
447 2090 791 2154 indispositione
816 2107 916 2148 sua,
947 2102 991 2137 et
1025 2091 1189 2153 perche
1221 2091 1250 2136 il
1280 2091 1462 2154 signore
1494 2091 1588 2136 Dio
1620 2090 1783 2136 uoleua
1812 2089 1911 2136 chel

284 2166 552 2214 suauissimo
582 2166 725 2212 odore
759 2166 803 2212 di
836 2177 994 2229 questa
1027 2165 1317 2229 Compagnia
1348 2164 1470 2211 fusse
1510 2181 1667 2228 sparso
1708 2181 1789 2228 per
1829 2164 1910 2227 piu

284 2241 455 2297 luochi,
481 2238 593 2286 fatta
618 2256 709 2286 vna
730 2241 914 2303 predica
939 2240 983 2285 in
1018 2239 1207 2286 Pessaro
1241 2251 1362 2286 sotto
1394 2240 1421 2285 il
1454 2239 1631 2302 portico
1663 2238 1725 2285 dil
1750 2238 1911 2301 palazo

284 2316 345 2363 dil
377 2316 494 2362 duca
514 2314 543 2371 ³,
575 2314 717 2361 siamo
748 2315 914 2378 partiti,
946 2326 991 2360 et
1021 2332 1044 2360 a
1076 2315 1205 2378 piede
1236 2313 1549 2360 caminassimo
1583 2330 1702 2359 noue
1737 2313 1910 2377 miglia3
1972 2369 1976 2373 ‚

285 2390 376 2453 poi,
397 2406 477 2452 per
495 2387 681 2435 arriuar'
701 2388 744 2434 in
764 2388 993 2445 Arimino,
1015 2388 1290 2452 pigliassimo
1308 2388 1398 2435 dua
1416 2387 1724 2451 caualgature:
1742 2387 1910 2444 duone,

285 2464 483 2510 arriuato
508 2464 535 2510 il
563 2463 725 2521 Padre,
750 2463 972 2509 comincia
1002 2480 1081 2526 per
1106 2463 1143 2509 le
1168 2463 1319 2509 strade
1345 2479 1369 2508 a
1392 2462 1646 2509 dimandar’
1672 2478 1751 2525 per
1775 2461 1803 2508 il
1829 2462 1911 2508 ho-

338 2650 351 2675 ¹
409 2651 522 2688 Anno
547 2651 646 2698 1556
668 2649 811 2687 Christi
839 2651 888 2685 ad
910 2650 1038 2686 caelos
1059 2649 1236 2686 ascensio
1258 2649 1391 2685 incidit
1412 2649 1449 2684 in
1474 2660 1520 2694 14
1540 2648 1646 2695 Maji.
1667 2647 1909 2696 ESCOFFIER,

288 2711 546 2753 Calendrz'er
556 2709 789 2763 perpe'luel,
810 2723 897 2758 pag.
922 2722 1008 2759 173.
1739 2711 1741 2713 '

338 2774 354 2799 2
409 2776 501 2822 Agit
523 2776 569 2811 de
590 2776 648 2812 his
668 2775 750 2821 ipse
772 2775 983 2811 Androtius
1008 2775 1046 2810 in
1067 2775 1225 2811 laudata
1246 2785 1366 2821 nuper
1388 2773 1551 2820 epistola
1576 2774 1689 2820 1136.

338 2835 353 2860 3
409 2839 608 2874 Pisaurum
627 2837 819 2873 «Joannes
836 2838 1018 2874 Sfortia...
1041 2837 1200 2874 mirifice
1221 2836 1434 2883 exornavit,
1455 2846 1615 2883 arceque
1637 2837 1684 2872 ad
1705 2847 1808 2872 mare
1829 2836 1911 2872 fun-

287 2901 395 2946 data,
418 2900 756 2947 inexpugnabilem
778 2900 955 2936 reddidit.
986 2899 1028 2936 In
1048 2898 1204 2935 civitate
1226 2910 1315 2935 vero
1342 2899 1426 2945 ipsa
1454 2899 1623 2944 amplum
1644 2897 1911 2935 exaedificavit

286 2963 483 3010 palatium,
500 2965 601 3000 unde
620 2963 800 3009 Princeps
821 2962 1136 2999 honorificentius
1151 2963 1214 3009 jus
1235 2963 1391 3007 diceret,
1412 2961 1590 3008 vitaeque
1610 2959 1908 3008 splendidiorem

287 3026 429 3062 cultum
457 3030 637 3064 tueretur.
664 3025 884 3062 Secundum
913 3026 983 3061 hos
1011 3024 1181 3074 [gentem
1208 3026 1262 3061 sc‘.
1290 3020 1586 3072 Sfortianorum]
1608 3022 1780 3059 Ducibus
1799 3021 1910 3060 Urbi-

287 3087 441 3123 natibus
461 3089 627 3134 praedae
649 3087 775 3134 cessit,
798 3098 959 3133 quorum
979 3085 1096 3134 stirpe
1118 3087 1298 3130 extincta,
1327 3084 1375 3122 ad
1397 3085 1703 3133 jurisdictionem
1730 3084 1908 3124 ecclesia-

287 3150 422 3187 sticam
444 3151 592 3187 rediit».
614 3150 852 3196 UGHELLUS,
875 3146 1009 3188 Italia
1028 3160 1168 3196 sacra,
1190 3153 1214 3187 t.
1235 3157 1277 3196 -11,
1299 3149 1372 3185 col.
1393 3149 1481 3197 857.
