1982 3516
0 18 12 22 ,,
46 0 188 25 ’Ji-ewen
234 0 261 22 ’,ν
293 0 300 3 ’
442 0 445 11 ¹

705 283 753 327 23
785 283 1036 314 SEPTEMBRIS
1069 270 1168 325 1556
1616 263 1726 324 447⁵

120 381 440 446 Riposeranno
465 381 606 446 hoggi
632 383 726 445 qui,
750 394 794 428 et
820 400 899 445 per
923 381 1222 428 consolation'
1254 382 1343 428 mia
1366 398 1412 427 se
1444 379 1753 439 fermaranno‚

117 455 546 515 ebdomannieolla
575 456 718 519 gratia
749 456 818 503 del
857 457 1035 520 Signor’
1057 473 1102 502 se
1133 473 1188 501 ne
1227 456 1492 520 partiranno
1523 455 1606 501 alla
1629 455 1754 501 uolta

115 531 172 577 de
197 530 383 576 Loreto.

182 605 373 666 Quanto
398 603 479 650 alle
503 621 604 650 cose
629 604 724 650 chel
752 604 800 650 P.
835 602 924 650 M.⁰
952 603 1154 650 Poianco
1178 602 1338 659 scriue,
1367 602 1428 648 mi
1454 619 1569 649 sono
1594 603 1753 667 hoggi,

115 695 244 725 come
276 695 437 741 penso,
470 677 556 723 ben
588 677 852 735 informato,
885 689 931 724 et
959 677 1108 742 quella
1140 676 1408 724 medessima
1441 676 1754 724 information'

115 753 228 799 daro
253 754 410 798 adesso
434 752 517 798 alla
551 753 601 799 P.
632 753 692 799 V.
733 747 941 799 Maestro
973 753 1064 798 don
1092 753 1284 814 Doymo
1315 751 1350 797 s'
1370 752 1428 797 ha
1451 752 1753 810 decchiarato,

116 838 161 873 et
194 843 334 890 penso
368 826 395 872 l'
415 826 586 872 escriua
620 827 658 872 al
693 827 746 874 P.
781 827 874 873 M.⁰
906 826 1107 893 Polanco
1138 825 1168 873 ¹.
1200 826 1314 872 Cioe
1345 825 1417 871 ch’
1437 826 1480 871 in
1516 827 1610 873 uita
1640 827 1756 874 della

116 900 277 947 sorella
300 913 345 946 et
372 911 552 963 nepote,
579 901 650 946 M.
688 901 932 947 Vincentio
964 918 1054 946 non
1081 902 1175 963 puo
1207 898 1290 945 far'
1313 899 1448 958 altro,
1477 917 1524 946 se
1550 917 1642 946 non
1667 900 1754 947 las-

117 974 217 1020 sarli
244 975 282 1020 la
307 991 405 1020 casa
430 991 524 1031 sua,
550 985 594 1020 et
620 975 717 1031 che,
744 975 869 1037 dopo
895 975 933 1020 la
961 987 1105 1020 morte
1132 976 1245 1033 loro,
1272 976 1405 1021 nerra
1430 974 1470 1020 al
1495 975 1685 1038 collegio
1709 976 1753 1022 d’

118 1048 315 1107 Amelia‚
347 1060 391 1094 et
423 1049 506 1094 che
535 1049 630 1094 cosi
666 1046 778 1097 farai.
805 1060 958 1111 presto
1001 1048 1028 1094 11
1068 1059 1356 1106 testamento,
1397 1059 1442 1095 et
1482 1046 1690 1111 disporrzi'
1732 1067 1756 1095 a

116 1135 278 1187 questo
311 1123 451 1169 modo
476 1123 532 1169 de
562 1140 641 1168 sua
673 1123 874 1178 volonti13
909 1139 982 1168 ma
1011 1123 1083 1169 ch'
1105 1123 1286 1168 interim
1320 1123 1359 1168 la
1390 1123 1679 1187 Compagnia
1710 1141 1755 1170 se

117 1200 250 1261 potr&
275 1198 457 1254 seruire,
483 1214 528 1243 se
554 1199 681 1255 uorai,
706 1196 823 1243 della
847 1214 961 1244 casa.
996 1197 1086 1243 Lui
1113 1197 1170 1242 ha
1195 1196 1320 1242 buon
1351 1197 1519 1254 anim0‚
1544 1210 1589 1243 et
1614 1198 1654 1243 la
1677 1215 1756 1243 sua

117 1273 312 1319 amicitia
354 1289 532 1335 sempre
571 1274 669 1318 sarai
711 1272 820 1317 utile
859 1284 904 1317 et
947 1271 1113 1327 buona3
1148 1289 1220 1317 ma
1254 1288 1334 1334 per
1369 1272 1525 1318 adesso
1559 1273 1654 1335 par'
1674 1272 1757 1318 che

117 1347 373 1410 bisogneria
399 1347 576 1410 pigliar'
597 1347 712 1392 altro
738 1346 921 1409 partito,
941 1347 998 1393 de
1022 1347 1249 1409 comprar'
1270 1358 1429 1410 questa
1452 1363 1551 1392 casa
1569 1347 1757 1410 grande,

116 1420 188 1467 ch'
205 1433 273 1467 sta
298 1421 374 1483 qui
401 1437 628 1484 appresso,
653 1421 784 1484 quale
809 1421 917 1467 tutti
946 1421 1056 1467 duoi
1082 1421 1270 1484 patroni'
1287 1437 1370 1467 son
1402 1421 1476 1484 gizi
1500 1420 1546 1468 d’
1565 1421 1758 1468 accordo

116 1507 161 1542 et
200 1495 400 1560 uoglian'
424 1496 622 1542 uendere
659 1513 684 1541 a
717 1496 895 1543 estima:
943 1495 983 1541 al
1015 1496 1096 1560 pisi
1130 1496 1164 1541 si
1204 1513 1343 1559 pensa
1381 1497 1451 1542 ch'
1472 1497 1711 1543 ascendere.
1735 1514 1759 1542 a

116 1584 212 1630 300
235 1587 263 1615 0
287 1584 384 1628 400
409 1580 481 1628 Δ,
506 1581 550 1616 et
575 1570 764 1616 intendo
796 1570 880 1616 che
916 1570 955 1615 la
980 1570 1184 1616 daranno
1217 1587 1240 1616 a
1271 1587 1407 1616 censo
1427 1569 1457 1618 ².
1490 1571 1669 1632 Questo
1698 1571 1758 1616 mi

117 1644 339 1707 parrebbe
380 1645 487 1690 assai
530 1645 736 1708 meglior'
762 1645 947 1707 partito,
993 1656 1038 1690 et
1071 1644 1139 1690 mi¹
1178 1645 1404 1707 persuado
1435 1645 1533 1690 chel
1578 1645 1629 1692 P.
1666 1643 1759 1692 M.⁰

118 1718 335 1777 Polanco,
363 1719 572 1766 uenendo
596 1732 639 1765 et
666 1719 875 1766 uedendo
902 1719 929 1765 il
955 1731 1094 1776 tutto,
1121 1736 1214 1765 non
1233 1718 1295 1783 gli
1320 1719 1587 1782 dispiacerz‘t:
1613 1730 1658 1765 et
1677 1735 1757 1782 per

117 1804 278 1857 questo
302 1803 347 1839 et
372 1810 451 1856 per
474 1793 587 1840 altre
611 1810 712 1840 cose
736 1793 777 1839 la
802 1804 971 1840 uenuta
996 1793 1043 1840 di
1069 1794 1197 1840 detto
1225 1794 1371 1840 Padre
1393 1794 1451 1840 mi
1479 1811 1586 1857 pare
1606 1811 1755 1840 neces-

117 1867 230 1913 saria
253 1878 426 1931 quanto
451 1868 609 1930 prima.
642 1868 715 1914 Mi
742 1867 840 1914 son'
860 1868 999 1932 hoggi
1033 1868 1178 1914 molto
1203 1867 1305 1914 ben'
1327 1867 1577 1915 informato
1601 1869 1645 1916 di
1672 1887 1703 1928 4
1726 1886 1755 1915 o

122 1956 146 2004 5
162 1939 373 1988 ‘'cittadini
399 1942 515 1988 delia
538 1959 665 2005 spesa
689 1942 772 1989 che
797 1942 944 2005 poeria
969 1941 1051 1992 far’
1073 1960 1180 1999 vno,
1211 1953 1310 2000 etc.‚
1340 1955 1385 1989 et
1409 1953 1532 1989 tutto
1557 1960 1753 2007 compu-

120 2026 230 2075 tato,
263 2014 382 2061 fuor’
401 2016 473 2063 del
506 2016 675 2074 uestir’,
707 2028 808 2076 ete„
841 2017 971 2063 uiene
1002 2034 1026 2063 a
1050 2017 1210 2064 undeci
1242 2024 1298 2070 Δ
1330 2034 1411 2081 per
1443 2035 1536 2064 uno
1572 2018 1599 2064 l'
1620 2035 1753 2075 ann0;

174 2206 187 2231 ¹
243 2209 342 2245 Vide
369 2209 571 2255 epistolam
599 2213 836 2256 sequentem,
865 2213 901 2245 et
928 2208 1136 2255 POLANCO,
1164 2213 1189 2247 t.
1217 2216 1274 2255 VI,
1302 2220 1387 2256 pag.
1418 2210 1465 2256 63
1490 2215 1526 2246 et
1551 2199 1752 2257 seqq.:D12²,

119 2279 321 2307 COLLEGIO
341 2271 548 2308 AMERINO.
566 2271 684 2307 Porro
707 2272 939 2317 «collegium
955 2271 1181 2307 Amerinum
1196 2272 1270 2308 hoc
1283 2272 1398 2307 etiam
1413 2282 1513 2308 anno
1530 2272 1752 2308 inchoatum

120 2339 188 2370 est.
210 2334 353 2370 Missus
375 2334 497 2370 fuerat
516 2330 555 2370 P.
579 2334 745 2370 Michael
769 2334 941 2370 Botellus
966 2334 1201 2370 valetudinis
1221 2334 1346 2381 gratia
1366 2334 1573 2381 Ameriam,
1596 2339 1644 2381 et,
1666 2346 1754 2371 con—

119 2395 249 2431 ciones
287 2396 439 2442 aliquas
477 2396 643 2442 habens,
685 2397 868 2442 populum
903 2396 1010 2431 illum
1043 2396 1291 2432 vehementer
1327 2396 1599 2443 inflammavit3
1637 2401 1673 2432 et
1702 2397 1756 2432 ita

121 2457 267 2493 amicus
300 2458 525 2504 Societatis‚
557 2458 747 2494 Dominus
787 2458 948 2494 Doimus
986 2450 1186 2504 Nescius,
1210 2458 1435 2495 facultatem
1470 2470 1491 2494 a
1526 2459 1565 2496 Ρ.
1607 2458 1755 2505 ignatio

119 2521 332 2566 postulavit
352 2521 399 2556 ad
420 2515 624 2567 quamdam
656 2521 860 2557 ecclesiam
888 2525 924 2556 et
952 2522 1110 2557 domum
1140 2521 1427 2567 accipiendam,
1456 2522 1520 2557 ubi
1549 2522 1754 2567 collegium

120 2583 393 2628 institueretur,
415 2583 518 2629 quod
538 2583 651 2630 hujus
671 2583 832 2619 Romani
863 2584 973 2630 quasi
1009 2584 1222 2620 membrum
1242 2588 1362 2630 esset,
1392 2584 1474 2620 sine
1499 2584 1579 2620 ulla
1610 2584 1756 2630 obliga·

120 2644 238 2690 tione;
259 2648 296 2680 et
317 2644 370 2680 ita
391 2655 450 2680 res
471 2648 666 2680 transacta
688 2643 770 2681 fuit.
792 2645 838 2680 Et
862 2650 1001 2691 tamen,
1027 2646 1258 2681 succedente
1285 2646 1401 2692 paulo
1422 2650 1508 2692 post
1528 2646 1755 2692 migratione

120 2705 158 2743 P.
180 2707 332 2753 Ignatii,
353 2708 429 2743 duo
450 2711 596 2743 tantum
618 2718 664 2743 ex
685 2708 826 2743 nostris
847 2708 1028 2744 Ameriae
1050 2709 1123 2744 hoc
1145 2718 1244 2744 anno
1270 2709 1412 2745 versati
1447 2713 1573 2744 sunt».
1601 2708 1756 2745 POLAN—

121 2777 186 2812 CO,
215 2774 241 2807 t.
273 2778 330 2819 vl,
363 2781 448 2816 pag.
487 2771 548 2815 28,
582 2781 618 2806 n.
655 2780 715 2817 74.
749 2771 851 2807 «Sed
882 2771 991 2807 initio
1019 2771 1059 2807 P.
1094 2771 1267 2818 Ignatius
1295 2771 1448 2807 admitti
1480 2772 1656 2807 noluerat
1684 2772 1757 2808 hoc

121 2831 349 2881 Collegium,
370 2834 442 2868 sed·
458 2837 500 2869 ut
520 2833 675 2868 domum
702 2834 921 2885 quamdam,
944 2834 1007 2869 ubi
1031 2834 1198 2880 quinque
1219 2835 1282 2870 vel
1308 2845 1376 2870 sex
1401 2835 1573 2870 habitare
1606 2839 1642 2870 et
1672 2835 1760 2870 toti-

121 2895 206 2930 dem
228 2895 401 2941 hospites
430 2896 554 2942 excipi
583 2900 752 2942 possent,
783 2901 818 2932 et
849 2900 1047 2943 tamquam
1083 2897 1298 2932 membrum
1329 2897 1494 2943 Collegii
1520 2897 1680 2933 Romani
1710 2899 1756 2933 ad

121 2958 474 2994 convalescentium
494 2962 559 2994 aut
578 2959 946 2995 valetudinariorum
968 2959 1256 3005 recreationem;
1283 2963 1320 2995 et
1340 2960 1393 2995 ita
1424 2970 1510 2995 cum
1531 2960 1686 2995 civitate
1709 2961 1755 2995 de

121 3020 244 3056 reditu
264 3024 391 3056 actum
410 3031 487 3056 non
508 3024 603 3056 est».
625 3021 833 3066 POLANco,
858 3019 886 3058 l.
911 3033 963 3069 c.,
987 3032 1074 3067 pag.
1097 3021 1163 3071 63,
1186 3032 1222 3057 n.
1248 3032 1335 3068 192.

174 3079 191 3105 2
245 3083 374 3119 Verba
405 3086 449 3120 et
477 3079 645 3121 intendo
672 3080 745 3120 clze
771 3080 814 3121 la
841 3081 1038 3122 damano
1068 3095 1095 3122 a
1118 3094 1237 3122 censo
1264 3085 1314 3120 ad
1343 3095 1447 3121 oram
1474 3085 1636 3131 paginae
1665 3088 1751 3119 sunt

122 3145 311 3192 apposita.
