2008 3510
258 227 335 266 734
723 213 958 252 EPISTOLAE
987 214 1319 266 M1XTAE—13o4

268 320 363 382 Qui
389 319 553 365 stiamo
579 335 659 382 per
683 319 844 366 adesso
875 319 1050 377 vndici,
1075 319 1178 367 delli
1214 319 1333 384 quali
1365 330 1503 366 sento·
1523 319 1653 365 esser’
1673 318 1701 365 il
1733 334 1842 383 peg-

203 395 304 458 gior
344 393 450 439 nelli
492 393 621 439 occhi
660 392 706 440 d'
727 393 883 451 Iddio;
914 395 1033 457 pur’,
1065 394 1269 457 parendo
1302 395 1442 441 hauer
1478 405 1640 458 questo
1671 393 1843 457 obligo,

201 470 302 516 diro
327 468 446 515 delle
470 468 644 531 qualita
669 469 713 515 di
740 469 951 515 ciascuno
980 481 1155 532 quanto
1182 469 1241 515 mi
1266 486 1465 517 occorre.

269 544 381 589 Don
425 542 591 589 Cesare
618 542 631 568 ¹
667 543 691 589 ἐ
724 559 917 605 persona
949 544 994 589 di
1029 543 1173 589 molto
1205 542 1331 589 buon
1365 543 1542 606 spirito,
1575 542 1769 606 giuditio
1800 554 1845 589 et

203 634 410 682 gouerno
444 618 488 663 in
530 629 704 681 quanto
736 634 782 663 se
820 618 879 681 gli
920 630 1140 677 comette,
1174 618 1431 665 edificando
1468 618 1597 676 tutti,
1627 630 1726 675 etc.,
1757 634 1842 664 con

205 692 432 739 mediocre
472 691 703 738 literatura
736 703 782 738 et
819 709 922 738 cose
955 693 1139 739 comuni
1181 693 1262 739 che
1302 693 1418 740 deue
1454 692 1598 756 saper’
1618 709 1680 738 un
1717 691 1844 738 buon

205 767 456 824 sacerdote;
483 783 571 829 pur
597 784 687 812 non
715 766 772 812 ha
801 767 887 812 mai
913 767 1128 825 studiato‚
1160 784 1301 813 senon
1333 767 1586 813 humanita.
1614 765 1845 812 Potrebbe

206 858 323 887 esser
348 852 443 887 atto
469 841 525 887 ad
550 841 659 904 ogni
684 841 851 898 studio,
878 859 922 887 se
949 842 1136 887 hauesse
1162 850 1319 905 tem'po
1343 852 1389 888 et
1420 841 1560 906 luogo
1586 857 1666 904 per
1690 841 1844 887 venire

207 932 232 961 a
255 915 505 961 sufficiente
524 915 738 962 dottrina.

274 990 442 1036 Fuluio
462 989 478 1015 ²
504 990 528 1036 ἐ
560 990 707 1037 molto
743 990 871 1047 bene,
902 1002 947 1036 et
978 990 1081 1037 dico
1113 991 1454 1055 egregiamente
1483 990 1701 1037 insti-utto
1735 990 1848 1037 nelle

207 1065 363 1111 lettere
389 1065 433 1111 d'
455 1065 707 1122 humanita,
734 1076 779 1111 et
803 1065 993 1111 sarebbe
1024 1082 1106 1129 per
1137 1066 1348 1112 diuentar
1384 1066 1556 1129 grande
1592 1065 1706 1112 nelle
1736 1065 1847 1111 altre

207 1137 389 1195 faculta,
414 1156 459 1185 se
486 1139 530 1185 vi
557 1140 809 1186 attendesse
834 1140 907 1186 del
941 1151 1077 1187 tutto.
1112 1140 1350 1187 Dimostra
1379 1157 1521 1187 essere
1551 1140 1665 1187 bene
1697 1150 1851 1187 costu-

208 1224 349 1271 mato,
376 1212 548 1258 humile
573 1225 618 1259 et
642 1213 904 1271 obediente;
932 1231 1005 1260 ma
1029 1231 1122 1260 non
1148 1214 1267 1262 vedo
1299 1215 1500 1261 esteriori
1528 1215 1653 1279 segni
1679 1214 1724 1262 di
1758 1213 1848 1260 fer-

209 1304 321 1333 uore
345 1304 373 1333 o
398 1287 622 1334 desiderio
647 1288 841 1345 interno,
868 1289 924 1335 ne
949 1300 1086 1352 gusto
1111 1289 1227 1336 delle
1251 1307 1353 1336 cose
1372 1290 1606 1354 spirituali,
1632 1289 1752 1336 forse
1771 1306 1850 1353 per

210 1378 354 1407 essere
378 1371 496 1407 stato
521 1378 700 1425 sempre
726 1361 829 1408 nelli
855 1363 992 1427 studij
1015 1375 1256 1426 occupato,

280 1436 432 1483 Gioan
459 1436 665 1494 Battista,
693 1426 957 1501 napolitano
978 1437 1009 1497 ³,
1035 1439 1093 1484 ha
1117 1438 1256 1484 buoni
1283 1438 1490 1504 principij
1521 1439 1566 1485 di
1591 1438 1746 1485 lettere
1765 1438 1849 1485 hu-

212 1529 346 1558 mane
384 1523 430 1558 et
469 1512 723 1576 aptitudine
762 1530 843 1575 per
880 1514 1035 1560 andar'
1056 1513 1223 1560 inanzi.
1261 1514 1329 1560 La
1362 1524 1523 1560 natura
1557 1514 1617 1560 mi
1652 1531 1757 1577 pare
1789 1531 1851 1559 vn

217 1605 334 1651 poco
376 1587 466 1633 mal
507 1604 662 1634 secura
692 1599 737 1634 et
767 1586 1009 1634 fortificata
1046 1588 1090 1634 di
1130 1587 1310 1651 spirit03
1348 1588 1469 1634 onde
1502 1588 1583 1633 alle
1617 1588 1739 1634 volte
1770 1605 1853 1634 son

213 1662 420 1709 sforzato
444 1663 631 1710 dubitar
654 1662 727 1710 del
753 1663 877 1708 buon
904 1679 1106 1709 successo
1131 1663 1213 1708 che
1237 1662 1270 1708 si
1304 1662 1501 1709 richiede
1527 1662 1644 1708 nello
1673 1661 1854 1725 spirito;

212 1749 258 1784 et
281 1755 362 1801 per
386 1737 458 1784 dir
481 1737 522 1783 la
547 1737 693 1784 verita
718 1738 763 1783 in
789 1737 933 1800 poche
953 1736 1123 1800 parole,
1149 1737 1193 1782 io
1212 1753 1377 1782 ancora
1401 1753 1493 1782 non
1518 1736 1563 1782 lo
1580 1753 1788 1785 conosco.

281 1812 451 1869 Pietro,
477 1811 699 1870 siciliano,
724 1811 748 1857 ἐ
775 1822 908 1868 stato,
934 1811 1083 1874 prima
1106 1811 1177 1857 ch’
1199 1811 1242 1856 io
1269 1811 1440 1856 venisse
1459 1824 1504 1857 et
1529 1810 1717 1873 qualche
1739 1828 1858 1857 mese

214 1888 367 1951 dapoi,
393 1899 689 1951 grauemente
725 1898 923 1943 tentato,
958 1885 1194 1949 pensando
1229 1902 1320 1931 non
1354 1886 1501 1948 poter'
1524 1885 1581 1931 ne
1614 1885 1858 1932 douer’se—

215 1962 380 2026 guitar'
402 1972 563 2023 questo
589 1961 821 2018 institut03
848 1977 937 2024 pur
961 1977 1041 2024 per
1064 1960 1209 2023 gratia
1232 1960 1277 2006 d'
1298 1959 1455 2018 Iddio,
1486 1959 1857 2024 rimostrandogli

215 2037 243 2082 il
269 2054 353 2082 suo
378 2036 592 2099 pericolO,
624 2047 670 2082 et
700 2035 1113 2082 condescendendo
1144 2034 1189 2080 in
1223 2045 1367 2097 parte,
1397 2034 1430 2080 si
1458 2034 1481 2079 ἐ
1515 2033 1662 2080 molto
1693 2033 1857 2080 confir-

216 2122 341 2158 mato
367 2110 469 2156 nelli
495 2110 716 2174 propositi
741 2121 786 2156 et
811 2110 923 2167 voti,
950 2121 995 2156 et
1018 2126 1126 2172 pare
1149 2109 1231 2155 che
1256 2109 1375 2170 stara
1400 2107 1546 2166 saldo;
1574 2125 1647 2154 ma
1678 2125 1768 2154 non
1799 2108 1858 2154 da

215 2202 435 2249 speranza
461 2185 508 2232 di
533 2184 617 2230 far'
639 2197 805 2248 troppo
830 2183 976 2231 frutto
1008 2184 1121 2230 nelle
1153 2184 1331 2242 lettere,
1365 2200 1445 2246 per
1475 2200 1618 2230 essere
1651 2184 1696 2229 d'
1717 2183 1856 2230 intel-

215 2261 332 2307 lecto
357 2259 551 2307 confuso
576 2271 621 2306 et
645 2271 814 2323 troppo
840 2259 1105 2323 giuditioso‚
1133 2275 1263 2304 come
1287 2275 1332 2304 se
1357 2275 1546 2321 sapesse,
1565 2270 1610 2304 et
1636 2258 1754 2304 nello
1769 2258 1855 2321 spi·

216 2336 304 2381 rito
328 2334 499 2398 tepido,
524 2345 569 2380 et
595 2334 802 2380 massime
827 2334 982 2397 inepto
1007 2334 1063 2381 ad
1087 2334 1196 2396 ogni
1220 2332 1406 2379 seruitio
1440 2332 1702 2396 corporale,
1729 2343 1857 2395 parte

216 2424 297 2473 per
321 2408 582 2455 imbecillita
612 2408 681 2454 del
713 2425 867 2471 corpo,
894 2425 1024 2454 come
1050 2408 1171 2464 dice,
1197 2419 1242 2453 et
1272 2417 1414 2470 parte,
1441 2405 1562 2452 forse
1599 2406 1855 2470 maggiore‚

217 2498 298 2547 per
322 2500 438 2546 poco
463 2483 615 2528 animo
640 2492 685 2528 et
710 2482 945 2529 desiderio.
973 2482 1060 2528 Del
1087 2492 1207 2527 resto
1233 2482 1293 2527 mi
1314 2498 1421 2544 pare
1447 2481 1603 2526 buono
1623 2481 1670 2527 di
1691 2480 1856 2526 volun—

218 2560 264 2604 ta
288 2558 331 2603 in
359 2558 582 2621 generale,
607 2568 652 2603 et
684 2557 874 2620 qualche
899 2557 1166 2620 particolare
1198 2556 1280 2602 che
1304 2556 1364 2619 gli
1393 2556 1599 2619 piacesse.
1629 2555 1781 2603 Credo
1808 2571 1854 2600 se

219 2633 441 2696 potrebbe
462 2631 543 2677 far'
563 2632 808 2688 sacerdote,
829 2632 1042 2678 hauendo
1061 2631 1260 2677 studiato
1278 2647 1340 2676 vn
1359 2647 1475 2693 poco
1496 2630 1576 2692 piu
1597 2629 1640 2675 in
1662 2627 1855 2687 latinita,

218 2724 302 2753 con
329 2724 390 2753 vn
415 2706 689 2769 compendio
713 2706 758 2752 di
783 2705 971 2753 filosofia
995 2717 1039 2752 et
1063 2704 1307 2768 theologia,
1332 2715 1376 2750 et
1399 2704 1493 2750 cosi
1519 2703 1661 2749 seruir
1685 2721 1709 2749 a
1728 2702 1851 2767 qual-

219 2781 302 2827 che
329 2780 593 2837 ministerio,
618 2791 701 2826 etc.
730 2815 734 2820 ,

274 2963 286 2989 ¹
344 2964 382 3002 P.
405 2965 546 3001 Caesar
566 2963 709 3000 Helmi.

274 3025 290 3050 2
344 3027 503 3063 Fulvius
524 3026 724 3063 Cardulus.

275 3087 290 3113 3
346 3090 411 3126 Sic
431 3101 516 3125 eum
539 3090 743 3135 designant
763 3085 859 3125 Lz'tt.
885 3083 1066 3136 Quadr.,
1088 3092 1112 3124 t.
1136 3096 1161 3134 1,
1181 3097 1268 3134 pag.
1290 3096 1381 3134 331.
