<?xml version="1.0" encoding="UTF-8"?>
<!DOCTYPE html PUBLIC "-//W3C//DTD XHTML 1.0 Transitional//EN"
    "http://www.w3.org/TR/xhtml1/DTD/xhtml1-transitional.dtd">
<html xmlns="http://www.w3.org/1999/xhtml" xml:lang="en" lang="en">
 <head>
  <title>
</title>
<meta http-equiv="Content-Type" content="text/html;charset=utf-8" />
  <meta name='ocr-system' content='tesseract 3.04.00' />
  <meta name='ocr-capabilities' content='ocr_page ocr_carea ocr_par ocr_line ocrx_word'/>
</head>
<body>
  <div class='ocr_page' id='page_1' title='image "./epistolaemixtaee05matruoft_0705.png"; bbox 0 0 2008 3510; ppageno 0'>
   <div class='ocr_carea' id='block_1_1' title="bbox 808 267 1722 320">
    <p class='ocr_par' dir='ltr' id='par_1_1' title="bbox 808 267 1722 320">
     <span class='ocr_line' id='line_1_1' title="bbox 808 267 1722 320; baseline 0 -14"><span class='ocrx_word' id='word_1_1' title='bbox 808 268 856 307; x_wconf 89' lang='lat'>16</span> <span class='ocrx_word' id='word_1_2' title='bbox 883 267 984 315; x_wconf 78' lang='lat' dir='ltr'>MAJ1</span> <span class='ocrx_word' id='word_1_3' title='bbox 1015 279 1118 320; x_wconf 83' lang='lat'>1550</span> <span class='ocrx_word' id='word_1_4' title='bbox 1644 268 1722 319; x_wconf 90' lang='lat'>699</span> 
     </span>
    </p>
   </div>
   <div class='ocr_carea' id='block_1_2' title="bbox 145 373 1839 3193">
    <p class='ocr_par' dir='ltr' id='par_1_2' title="bbox 147 373 1776 588">
     <span class='ocr_line' id='line_1_2' title="bbox 147 373 1776 440; baseline 0.001 -20"><span class='ocrx_word' id='word_1_5' title='bbox 147 373 321 422; x_wconf 89' lang='lat' dir='ltr'>mondo</span> <span class='ocrx_word' id='word_1_6' title='bbox 344 373 489 421; x_wconf 89' lang='lat' dir='ltr'>uiuer&#39;</span> <span class='ocrx_word' id='word_1_7' title='bbox 508 390 644 421; x_wconf 88' lang='lat' dir='ltr'>senza</span> <span class='ocrx_word' id='word_1_8' title='bbox 667 374 836 439; x_wconf 92' lang='lat' dir='ltr'>quella;</span> <span class='ocrx_word' id='word_1_9' title='bbox 870 392 945 422; x_wconf 86' lang='lat' dir='ltr'>ma</span> <span class='ocrx_word' id='word_1_10' title='bbox 975 375 1101 422; x_wconf 85' lang='lat' dir='ltr'>uoria</span> <span class='ocrx_word' id='word_1_11' title='bbox 1132 375 1276 422; x_wconf 91' lang='lat' dir='ltr'>seruir</span> <span class='ocrx_word' id='word_1_12' title='bbox 1306 392 1519 440; x_wconf 87' lang='lat' dir='ltr'>appresso</span> <span class='ocrx_word' id='word_1_13' title='bbox 1546 392 1571 422; x_wconf 92' lang='lat' dir='ltr'>a</span> <span class='ocrx_word' id='word_1_14' title='bbox 1595 375 1776 440; x_wconf 90' lang='lat' dir='ltr'>qualch’</span> 
     </span>
     <span class='ocr_line' id='line_1_3' title="bbox 147 447 1772 515; baseline 0.001 -20"><span class='ocrx_word' id='word_1_15' title='bbox 147 465 240 495; x_wconf 91' lang='lat' dir='ltr'>vno</span> <span class='ocrx_word' id='word_1_16' title='bbox 263 448 309 495; x_wconf 91' lang='lat' dir='ltr'>di</span> <span class='ocrx_word' id='word_1_17' title='bbox 335 447 484 513; x_wconf 92' lang='lat' dir='ltr'>quella</span> <span class='ocrx_word' id='word_1_18' title='bbox 505 448 544 495; x_wconf 80' lang='lat' dir='ltr'>si</span> <span class='ocrx_word' id='word_1_19' title='bbox 569 465 763 513; x_wconf 90' lang='lat' dir='ltr'>sempre,</span> <span class='ocrx_word' id='word_1_20' title='bbox 795 449 938 514; x_wconf 88' lang='lat' dir='ltr'>gloria</span> <span class='ocrx_word' id='word_1_21' title='bbox 961 467 985 496; x_wconf 89' lang='lat' dir='ltr'>a</span> <span class='ocrx_word' id='word_1_22' title='bbox 1009 467 1088 496; x_wconf 88' lang='lat' dir='ltr'>sua</span> <span class='ocrx_word' id='word_1_23' title='bbox 1123 448 1248 509; x_wconf 66' lang='lat' dir='ltr'>M.t²³‚</span> <span class='ocrx_word' id='word_1_24' title='bbox 1273 449 1379 515; x_wconf 89' lang='lat' dir='ltr'>qual</span> <span class='ocrx_word' id='word_1_25' title='bbox 1413 460 1541 497; x_wconf 88' lang='lat' dir='ltr'>tanto</span> <span class='ocrx_word' id='word_1_26' title='bbox 1576 449 1772 496; x_wconf 86' lang='lat' dir='ltr'>mirabil-</span> 
     </span>
     <span class='ocr_line' id='line_1_4' title="bbox 148 522 1351 588; baseline 0.002 -19"><span class='ocrx_word' id='word_1_27' title='bbox 148 534 298 570; x_wconf 91' lang='lat' dir='ltr'>mente</span> <span class='ocrx_word' id='word_1_28' title='bbox 322 523 357 569; x_wconf 91' lang='lat' dir='ltr'>si</span> <span class='ocrx_word' id='word_1_29' title='bbox 381 540 511 570; x_wconf 89' lang='lat' dir='ltr'>serua</span> <span class='ocrx_word' id='word_1_30' title='bbox 534 522 653 570; x_wconf 89' lang='lat' dir='ltr'>della</span> <span class='ocrx_word' id='word_1_31' title='bbox 676 541 756 570; x_wconf 88' lang='lat' dir='ltr'>sua</span> <span class='ocrx_word' id='word_1_32' title='bbox 779 524 1031 571; x_wconf 86' lang='lat' dir='ltr'>santissima</span> <span class='ocrx_word' id='word_1_33' title='bbox 1049 524 1351 588; x_wconf 87' lang='lat' dir='ltr'>Compagnia.</span> 
     </span>
    </p>

    <p class='ocr_par' dir='ltr' id='par_1_3' title="bbox 145 596 1839 2596">
     <span class='ocr_line' id='line_1_5' title="bbox 212 596 1778 662; baseline 0 -18"><span class='ocrx_word' id='word_1_34' title='bbox 212 597 267 643; x_wconf 91' lang='lat' dir='ltr'>In</span> <span class='ocrx_word' id='word_1_35' title='bbox 299 598 444 662; x_wconf 84' lang='lat' dir='ltr'>questi</span> <span class='ocrx_word' id='word_1_36' title='bbox 474 597 575 644; x_wconf 89' lang='lat' dir='ltr'>setti</span> <span class='ocrx_word' id='word_1_37' title='bbox 606 598 752 661; x_wconf 88' lang='lat' dir='ltr'>giorni</span> <span class='ocrx_word' id='word_1_38' title='bbox 789 598 849 644; x_wconf 88' lang='lat' dir='ltr'>ho</span> <span class='ocrx_word' id='word_1_39' title='bbox 879 598 1062 645; x_wconf 89' lang='lat' dir='ltr'>uisitato</span> <span class='ocrx_word' id='word_1_40' title='bbox 1093 598 1207 644; x_wconf 88' lang='lat' dir='ltr'>circa</span> <span class='ocrx_word' id='word_1_41' title='bbox 1230 613 1295 657; x_wconf 92' lang='lat'>40</span> <span class='ocrx_word' id='word_1_42' title='bbox 1325 609 1458 655; x_wconf 88' lang='lat' dir='ltr'>terre,</span> <span class='ocrx_word' id='word_1_43' title='bbox 1491 596 1560 644; x_wconf 87' lang='lat' dir='ltr'>fra</span> <span class='ocrx_word' id='word_1_44' title='bbox 1589 597 1619 643; x_wconf 93' lang='lat' dir='ltr'>l&#39;</span> <span class='ocrx_word' id='word_1_45' title='bbox 1639 597 1778 644; x_wconf 89' lang='lat' dir='ltr'>muti-</span> 
     </span>
     <span class='ocr_line' id='line_1_6' title="bbox 146 671 1778 736; baseline 0.001 -19"><span class='ocrx_word' id='word_1_46' title='bbox 146 688 249 719; x_wconf 90' lang='lat' dir='ltr'>nese</span> <span class='ocrx_word' id='word_1_47' title='bbox 272 683 317 718; x_wconf 93' lang='lat' dir='ltr'>et</span> <span class='ocrx_word' id='word_1_48' title='bbox 341 671 601 735; x_wconf 90' lang='lat' dir='ltr'>bolognese,</span> <span class='ocrx_word' id='word_1_49' title='bbox 627 672 903 735; x_wconf 90' lang='lat' dir='ltr'>predicando</span> <span class='ocrx_word' id='word_1_50' title='bbox 925 672 1035 736; x_wconf 89' lang='lat' dir='ltr'>ogni</span> <span class='ocrx_word' id='word_1_51' title='bbox 1064 672 1130 729; x_wconf 79' lang='lat' dir='ltr'>di,</span> <span class='ocrx_word' id='word_1_52' title='bbox 1157 672 1343 735; x_wconf 88' lang='lat' dir='ltr'>quando</span> <span class='ocrx_word' id='word_1_53' title='bbox 1373 671 1559 736; x_wconf 91' lang='lat' dir='ltr'>cinque,</span> <span class='ocrx_word' id='word_1_54' title='bbox 1591 671 1778 736; x_wconf 90' lang='lat' dir='ltr'>quando</span> 
     </span>
     <span class='ocr_line' id='line_1_7' title="bbox 146 746 1777 810; baseline -0.001 -17"><span class='ocrx_word' id='word_1_55' title='bbox 146 746 222 804; x_wconf 89' lang='lat' dir='ltr'>sei,</span> <span class='ocrx_word' id='word_1_56' title='bbox 246 757 292 793; x_wconf 89' lang='lat' dir='ltr'>et</span> <span class='ocrx_word' id='word_1_57' title='bbox 314 746 396 793; x_wconf 88' lang='lat' dir='ltr'>alle</span> <span class='ocrx_word' id='word_1_58' title='bbox 420 746 523 793; x_wconf 84' lang='lat' dir='ltr'>fiate</span> <span class='ocrx_word' id='word_1_59' title='bbox 547 758 639 793; x_wconf 91' lang='lat' dir='ltr'>sete</span> <span class='ocrx_word' id='word_1_60' title='bbox 662 747 798 794; x_wconf 90' lang='lat' dir='ltr'>uolte.</span> <span class='ocrx_word' id='word_1_61' title='bbox 827 747 916 794; x_wconf 91' lang='lat' dir='ltr'>Per</span> <span class='ocrx_word' id='word_1_62' title='bbox 942 747 1087 810; x_wconf 88' lang='lat' dir='ltr'>gratia</span> <span class='ocrx_word' id='word_1_63' title='bbox 1110 747 1181 793; x_wconf 92' lang='lat' dir='ltr'>del</span> <span class='ocrx_word' id='word_1_64' title='bbox 1207 757 1362 792; x_wconf 89' lang='lat' dir='ltr'>nostro</span> <span class='ocrx_word' id='word_1_65' title='bbox 1388 747 1552 810; x_wconf 89' lang='lat' dir='ltr'>Signor</span> <span class='ocrx_word' id='word_1_66' title='bbox 1576 762 1669 792; x_wconf 91' lang='lat' dir='ltr'>non</span> <span class='ocrx_word' id='word_1_67' title='bbox 1693 747 1727 792; x_wconf 94' lang='lat' dir='ltr'>s’</span> <span class='ocrx_word' id='word_1_68' title='bbox 1753 746 1777 792; x_wconf 77' lang='grc' dir='ltr'>ἐ</span> 
     </span>
     <span class='ocr_line' id='line_1_8' title="bbox 147 819 1779 885; baseline -0.001 -18"><span class='ocrx_word' id='word_1_69' title='bbox 147 819 263 868; x_wconf 91' lang='lat' dir='ltr'>fatto</span> <span class='ocrx_word' id='word_1_70' title='bbox 292 838 444 885; x_wconf 90' lang='lat' dir='ltr'>puoco</span> <span class='ocrx_word' id='word_1_71' title='bbox 474 820 644 880; x_wconf 89' lang='lat' dir='ltr'>frutto,</span> <span class='ocrx_word' id='word_1_72' title='bbox 676 821 860 885; x_wconf 76' lang='lat' dir='ltr'>perche,</span> <span class='ocrx_word' id='word_1_73' title='bbox 890 821 1008 868; x_wconf 90' lang='lat' dir='ltr'>oltra</span> <span class='ocrx_word' id='word_1_74' title='bbox 1038 820 1111 867; x_wconf 93' lang='lat' dir='ltr'>alli</span> <span class='ocrx_word' id='word_1_75' title='bbox 1144 820 1423 884; x_wconf 86' lang='lat' dir='ltr'>particolari,</span> <span class='ocrx_word' id='word_1_76' title='bbox 1450 821 1495 867; x_wconf 90' lang='lat' dir='ltr'>in</span> <span class='ocrx_word' id='word_1_77' title='bbox 1527 821 1636 884; x_wconf 92' lang='lat' dir='ltr'>ogni</span> <span class='ocrx_word' id='word_1_78' title='bbox 1660 831 1779 867; x_wconf 89' lang='lat' dir='ltr'>terra</span> 
     </span>
     <span class='ocr_line' id='line_1_9' title="bbox 147 894 1778 958; baseline -0.001 -17"><span class='ocrx_word' id='word_1_79' title='bbox 147 894 393 942; x_wconf 90' lang='lat' dir='ltr'>hauemmo</span> <span class='ocrx_word' id='word_1_80' title='bbox 423 895 634 942; x_wconf 87' lang='lat' dir='ltr'>ordinato</span> <span class='ocrx_word' id='word_1_81' title='bbox 666 911 756 941; x_wconf 91' lang='lat' dir='ltr'>una</span> <span class='ocrx_word' id='word_1_82' title='bbox 784 894 1057 958; x_wconf 89' lang='lat' dir='ltr'>compagnia</span> <span class='ocrx_word' id='word_1_83' title='bbox 1088 894 1160 941; x_wconf 91' lang='lat' dir='ltr'>del</span> <span class='ocrx_word' id='word_1_84' title='bbox 1195 910 1362 958; x_wconf 89' lang='lat' dir='ltr'>corpus</span> <span class='ocrx_word' id='word_1_85' title='bbox 1395 894 1608 951; x_wconf 90' lang='lat' dir='ltr'>Domini,</span> <span class='ocrx_word' id='word_1_86' title='bbox 1632 894 1714 940; x_wconf 91' lang='lat' dir='ltr'>che</span> <span class='ocrx_word' id='word_1_87' title='bbox 1743 894 1778 940; x_wconf 92' lang='lat' dir='ltr'>si</span> 
     </span>
     <span class='ocr_line' id='line_1_10' title="bbox 146 967 1778 1034; baseline -0.001 -19"><span class='ocrx_word' id='word_1_88' title='bbox 146 969 450 1016; x_wconf 89' lang='lat' dir='ltr'>comunicono</span> <span class='ocrx_word' id='word_1_89' title='bbox 474 970 583 1034; x_wconf 90' lang='lat' dir='ltr'>ogni</span> <span class='ocrx_word' id='word_1_90' title='bbox 607 969 861 1028; x_wconf 90' lang='lat' dir='ltr'>domenica,</span> <span class='ocrx_word' id='word_1_91' title='bbox 881 980 942 1028; x_wconf 91' lang='lat' dir='ltr'>et,</span> <span class='ocrx_word' id='word_1_92' title='bbox 960 968 1032 1015; x_wconf 93' lang='lat' dir='ltr'>chi</span> <span class='ocrx_word' id='word_1_93' title='bbox 1054 985 1147 1015; x_wconf 92' lang='lat' dir='ltr'>non</span> <span class='ocrx_word' id='word_1_94' title='bbox 1173 967 1291 1015; x_wconf 87' lang='lat' dir='ltr'>fosse</span> <span class='ocrx_word' id='word_1_95' title='bbox 1310 968 1404 1015; x_wconf 76' lang='lat' dir='ltr'>cosi</span> <span class='ocrx_word' id='word_1_96' title='bbox 1430 968 1650 1032; x_wconf 88' lang='lat' dir='ltr'>disposto,</span> <span class='ocrx_word' id='word_1_97' title='bbox 1669 968 1778 1032; x_wconf 89' lang='lat' dir='ltr'>ogni</span> 
     </span>
     <span class='ocr_line' id='line_1_11' title="bbox 147 1043 1780 1109; baseline -0.001 -19"><span class='ocrx_word' id='word_1_98' title='bbox 147 1044 359 1109; x_wconf 90' lang='lat' dir='ltr'>quindeci</span> <span class='ocrx_word' id='word_1_99' title='bbox 385 1045 452 1103; x_wconf 81' lang='lat' dir='ltr'>di,</span> <span class='ocrx_word' id='word_1_100' title='bbox 471 1061 500 1091; x_wconf 95' lang='lat' dir='ltr'>o</span> <span class='ocrx_word' id='word_1_101' title='bbox 527 1061 653 1104; x_wconf 90' lang='lat' dir='ltr'>uero,</span> <span class='ocrx_word' id='word_1_102' title='bbox 672 1056 717 1091; x_wconf 91' lang='lat' dir='ltr'>et</span> <span class='ocrx_word' id='word_1_103' title='bbox 741 1054 904 1108; x_wconf 90' lang='lat' dir='ltr'>questo</span> <span class='ocrx_word' id='word_1_104' title='bbox 922 1043 985 1090; x_wconf 88' lang='lat' dir='ltr'>sia</span> <span class='ocrx_word' id='word_1_105' title='bbox 1009 1043 1261 1102; x_wconf 83' lang='lat' dir='ltr'>immobile,</span> <span class='ocrx_word' id='word_1_106' title='bbox 1281 1043 1358 1089; x_wconf 90' lang='lat' dir='ltr'>oni</span> <span class='ocrx_word' id='word_1_107' title='bbox 1377 1043 1525 1106; x_wconf 89' lang='lat' dir='ltr'>prima</span> <span class='ocrx_word' id='word_1_108' title='bbox 1543 1043 1780 1090; x_wconf 89' lang='lat' dir='ltr'>domenica</span> 
     </span>
     <span class='ocr_line' id='line_1_12' title="bbox 148 1117 1779 1181; baseline -0.002 -16"><span class='ocrx_word' id='word_1_109' title='bbox 148 1118 220 1165; x_wconf 92' lang='lat' dir='ltr'>del</span> <span class='ocrx_word' id='word_1_110' title='bbox 247 1134 382 1166; x_wconf 89' lang='lat' dir='ltr'>mese.</span> <span class='ocrx_word' id='word_1_111' title='bbox 411 1117 472 1166; x_wconf 84' lang='lat'>2.⁰</span> <span class='ocrx_word' id='word_1_112' title='bbox 495 1118 769 1165; x_wconf 86' lang='lat' dir='ltr'>Hauemmo</span> <span class='ocrx_word' id='word_1_113' title='bbox 788 1118 925 1165; x_wconf 89' lang='lat' dir='ltr'>eletto</span> <span class='ocrx_word' id='word_1_114' title='bbox 943 1118 972 1164; x_wconf 91' lang='lat' dir='ltr'>li</span> <span class='ocrx_word' id='word_1_115' title='bbox 997 1135 1080 1164; x_wconf 93' lang='lat' dir='ltr'>suo</span> <span class='ocrx_word' id='word_1_116' title='bbox 1100 1117 1338 1181; x_wconf 81' lang='lat' dir='ltr'>superiori,</span> <span class='ocrx_word' id='word_1_117' title='bbox 1355 1128 1484 1163; x_wconf 91' lang='lat' dir='ltr'>tanto</span> <span class='ocrx_word' id='word_1_118' title='bbox 1500 1133 1580 1180; x_wconf 93' lang='lat' dir='ltr'>per</span> <span class='ocrx_word' id='word_1_119' title='bbox 1600 1118 1640 1162; x_wconf 91' lang='lat' dir='ltr'>la</span> <span class='ocrx_word' id='word_1_120' title='bbox 1654 1132 1779 1163; x_wconf 90' lang='lat' dir='ltr'>com-</span> 
     </span>
     <span class='ocr_line' id='line_1_13' title="bbox 148 1192 1778 1257; baseline -0.001 -19"><span class='ocrx_word' id='word_1_121' title='bbox 148 1193 315 1257; x_wconf 87' lang='lat' dir='ltr'>pagnia</span> <span class='ocrx_word' id='word_1_122' title='bbox 339 1193 442 1240; x_wconf 88' lang='lat' dir='ltr'>delli</span> <span class='ocrx_word' id='word_1_123' title='bbox 468 1193 702 1251; x_wconf 89' lang='lat' dir='ltr'>huomine,</span> <span class='ocrx_word' id='word_1_124' title='bbox 728 1205 901 1257; x_wconf 91' lang='lat' dir='ltr'>quanto</span> <span class='ocrx_word' id='word_1_125' title='bbox 931 1192 1046 1240; x_wconf 88' lang='lat' dir='ltr'>delle</span> <span class='ocrx_word' id='word_1_126' title='bbox 1075 1192 1251 1251; x_wconf 91' lang='lat' dir='ltr'>donne,</span> <span class='ocrx_word' id='word_1_127' title='bbox 1283 1203 1485 1255; x_wconf 86' lang='lat' dir='ltr'>separate</span> <span class='ocrx_word' id='word_1_128' title='bbox 1516 1192 1575 1239; x_wconf 90' lang='lat' dir='ltr'>da</span> <span class='ocrx_word' id='word_1_129' title='bbox 1606 1208 1687 1255; x_wconf 93' lang='lat' dir='ltr'>per</span> <span class='ocrx_word' id='word_1_130' title='bbox 1718 1207 1778 1238; x_wconf 91' lang='lat' dir='ltr'>se.</span> 
     </span>
     <span class='ocr_line' id='line_1_14' title="bbox 147 1265 1782 1331; baseline -0.001 -17"><span class='ocrx_word' id='word_1_131' title='bbox 147 1265 212 1328; x_wconf 85' lang='lat'>3.⁰</span> <span class='ocrx_word' id='word_1_132' title='bbox 225 1267 510 1314; x_wconf 90' lang='lat' dir='ltr'>.Hauemmo</span> <span class='ocrx_word' id='word_1_133' title='bbox 533 1267 656 1314; x_wconf 89' lang='lat' dir='ltr'>eletti</span> <span class='ocrx_word' id='word_1_134' title='bbox 681 1267 792 1314; x_wconf 91' lang='lat' dir='ltr'>duoi</span> <span class='ocrx_word' id='word_1_135' title='bbox 813 1267 971 1314; x_wconf 90' lang='lat' dir='ltr'>huomi</span> <span class='ocrx_word' id='word_1_136' title='bbox 990 1267 1047 1313; x_wconf 94' lang='lat' dir='ltr'>de</span> <span class='ocrx_word' id='word_1_137' title='bbox 1070 1267 1150 1330; x_wconf 73' lang='lat' dir='ltr'>piu</span> <span class='ocrx_word' id='word_1_138' title='bbox 1166 1267 1324 1331; x_wconf 91' lang='lat' dir='ltr'>·graui,</span> <span class='ocrx_word' id='word_1_139' title='bbox 1343 1268 1381 1313; x_wconf 90' lang='lat' dir='ltr'>c’</span> <span class='ocrx_word' id='word_1_140' title='bbox 1404 1266 1598 1313; x_wconf 89' lang='lat' dir='ltr'>habiano</span> <span class='ocrx_word' id='word_1_141' title='bbox 1613 1282 1638 1312; x_wconf 89' lang='lat' dir='ltr'>a</span> <span class='ocrx_word' id='word_1_142' title='bbox 1655 1282 1782 1312; x_wconf 89' lang='lat' dir='ltr'>com-</span> 
     </span>
     <span class='ocr_line' id='line_1_15' title="bbox 147 1339 1782 1405; baseline -0.001 -18"><span class='ocrx_word' id='word_1_143' title='bbox 147 1342 306 1405; x_wconf 92' lang='lat' dir='ltr'>poner&#39;</span> <span class='ocrx_word' id='word_1_144' title='bbox 326 1342 436 1405; x_wconf 91' lang='lat' dir='ltr'>ogni</span> <span class='ocrx_word' id='word_1_145' title='bbox 467 1342 562 1399; x_wconf 87' lang='lat' dir='ltr'>lite,</span> <span class='ocrx_word' id='word_1_146' title='bbox 587 1341 834 1399; x_wconf 88' lang='lat' dir='ltr'>discordia,</span> <span class='ocrx_word' id='word_1_147' title='bbox 860 1340 1093 1387; x_wconf 86' lang='lat' dir='ltr'>inimicitia</span> <span class='ocrx_word' id='word_1_148' title='bbox 1123 1352 1168 1387; x_wconf 92' lang='lat' dir='ltr'>et</span> <span class='ocrx_word' id='word_1_149' title='bbox 1199 1339 1451 1399; x_wconf 88' lang='lat' dir='ltr'>diferenza,</span> <span class='ocrx_word' id='word_1_150' title='bbox 1476 1341 1598 1387; x_wconf 95' lang='lat' dir='ltr'>doue</span> <span class='ocrx_word' id='word_1_151' title='bbox 1630 1356 1686 1386; x_wconf 92' lang='lat' dir='ltr'>ne</span> <span class='ocrx_word' id='word_1_152' title='bbox 1712 1355 1782 1386; x_wconf 93' lang='lat' dir='ltr'>re-</span> 
     </span>
     <span class='ocr_line' id='line_1_16' title="bbox 146 1413 1782 1479; baseline -0.001 -17"><span class='ocrx_word' id='word_1_153' title='bbox 146 1431 363 1479; x_wconf 90' lang='lat' dir='ltr'>gnauono</span> <span class='ocrx_word' id='word_1_154' title='bbox 395 1415 592 1475; x_wconf 86' lang='lat' dir='ltr'>infinite,</span> <span class='ocrx_word' id='word_1_155' title='bbox 615 1426 662 1462; x_wconf 88' lang='lat' dir='ltr'>et</span> <span class='ocrx_word' id='word_1_156' title='bbox 694 1415 934 1474; x_wconf 90' lang='lat' dir='ltr'>homicidi,</span> <span class='ocrx_word' id='word_1_157' title='bbox 958 1426 1003 1462; x_wconf 91' lang='lat' dir='ltr'>et</span> <span class='ocrx_word' id='word_1_158' title='bbox 1036 1413 1228 1462; x_wconf 89' lang='lat' dir='ltr'>fattioni.</span> <span class='ocrx_word' id='word_1_159' title='bbox 1265 1414 1320 1461; x_wconf 91' lang='lat' dir='ltr'>In</span> <span class='ocrx_word' id='word_1_160' title='bbox 1353 1425 1516 1479; x_wconf 90' lang='lat' dir='ltr'>questo</span> <span class='ocrx_word' id='word_1_161' title='bbox 1552 1413 1687 1461; x_wconf 91' lang='lat' dir='ltr'>luoco</span> <span class='ocrx_word' id='word_1_162' title='bbox 1719 1413 1782 1460; x_wconf 89' lang='lat' dir='ltr'>mi</span> 
     </span>
     <span class='ocr_line' id='line_1_17' title="bbox 145 1487 1783 1554; baseline -0.001 -18"><span class='ocrx_word' id='word_1_163' title='bbox 145 1490 311 1537; x_wconf 86' lang='lat' dir='ltr'>dicono</span> <span class='ocrx_word' id='word_1_164' title='bbox 341 1490 386 1536; x_wconf 90' lang='lat' dir='ltr'>in</span> <span class='ocrx_word' id='word_1_165' title='bbox 417 1507 480 1536; x_wconf 89' lang='lat' dir='ltr'>un</span> <span class='ocrx_word' id='word_1_166' title='bbox 510 1490 674 1554; x_wconf 87' lang='lat' dir='ltr'>giorno</span> <span class='ocrx_word' id='word_1_167' title='bbox 704 1506 759 1536; x_wconf 90' lang='lat' dir='ltr'>ne</span> <span class='ocrx_word' id='word_1_168' title='bbox 790 1488 842 1535; x_wconf 93' lang='lat' dir='ltr'>fu</span> <span class='ocrx_word' id='word_1_169' title='bbox 872 1489 1008 1535; x_wconf 91' lang='lat' dir='ltr'>morti</span> <span class='ocrx_word' id='word_1_170' title='bbox 1039 1489 1298 1553; x_wconf 86' lang='lat' dir='ltr'>cinquanta,</span> <span class='ocrx_word' id='word_1_171' title='bbox 1331 1489 1377 1535; x_wconf 93' lang='lat' dir='ltr'>in</span> <span class='ocrx_word' id='word_1_172' title='bbox 1409 1488 1563 1553; x_wconf 90' lang='lat' dir='ltr'>quello</span> <span class='ocrx_word' id='word_1_173' title='bbox 1602 1503 1704 1547; x_wconf 91' lang='lat'>140,</span> <span class='ocrx_word' id='word_1_174' title='bbox 1737 1487 1783 1533; x_wconf 91' lang='lat' dir='ltr'>in</span> 
     </span>
     <span class='ocr_line' id='line_1_18' title="bbox 146 1563 1782 1630; baseline -0.002 -19"><span class='ocrx_word' id='word_1_175' title='bbox 146 1564 281 1630; x_wconf 93' lang='lat' dir='ltr'>quell’</span> <span class='ocrx_word' id='word_1_176' title='bbox 300 1564 414 1611; x_wconf 90' lang='lat' dir='ltr'>altro</span> <span class='ocrx_word' id='word_1_177' title='bbox 440 1565 522 1623; x_wconf 93' lang='lat'>60;</span> <span class='ocrx_word' id='word_1_178' title='bbox 545 1564 604 1612; x_wconf 90' lang='lat' dir='ltr'>da</span> <span class='ocrx_word' id='word_1_179' title='bbox 627 1581 708 1628; x_wconf 90' lang='lat' dir='ltr'>per</span> <span class='ocrx_word' id='word_1_180' title='bbox 731 1575 854 1611; x_wconf 87' lang='lat' dir='ltr'>tutto</span> <span class='ocrx_word' id='word_1_181' title='bbox 878 1564 982 1628; x_wconf 87' lang='lat' dir='ltr'>pien</span> <span class='ocrx_word' id='word_1_182' title='bbox 1007 1563 1053 1611; x_wconf 92' lang='lat' dir='ltr'>d&#39;</span> <span class='ocrx_word' id='word_1_183' title='bbox 1072 1563 1318 1611; x_wconf 88' lang='lat' dir='ltr'>homicidii.</span> <span class='ocrx_word' id='word_1_184' title='bbox 1339 1564 1394 1610; x_wconf 89' lang='lat' dir='ltr'>In</span> <span class='ocrx_word' id='word_1_185' title='bbox 1418 1563 1566 1627; x_wconf 89' lang='lat' dir='ltr'>quella</span> <span class='ocrx_word' id='word_1_186' title='bbox 1585 1574 1708 1610; x_wconf 92' lang='lat' dir='ltr'>torre</span> <span class='ocrx_word' id='word_1_187' title='bbox 1728 1579 1782 1608; x_wconf 91' lang='lat' dir='ltr'>ne</span> 
     </span>
     <span class='ocr_line' id='line_1_19' title="bbox 147 1638 1839 1704; baseline -0.001 -18"><span class='ocrx_word' id='word_1_188' title='bbox 147 1638 198 1686; x_wconf 91' lang='lat' dir='ltr'>fu</span> <span class='ocrx_word' id='word_1_189' title='bbox 224 1639 413 1686; x_wconf 89' lang='lat' dir='ltr'>bruciati</span> <span class='ocrx_word' id='word_1_190' title='bbox 441 1639 569 1699; x_wconf 88' lang='lat' dir='ltr'>tanti,</span> <span class='ocrx_word' id='word_1_191' title='bbox 595 1656 685 1704; x_wconf 89' lang='lat' dir='ltr'>qua</span> <span class='ocrx_word' id='word_1_192' title='bbox 709 1641 753 1686; x_wconf 89' lang='lat' dir='ltr'>u’</span> <span class='ocrx_word' id='word_1_193' title='bbox 778 1656 852 1686; x_wconf 92' lang='lat' dir='ltr'>era</span> <span class='ocrx_word' id='word_1_194' title='bbox 885 1639 926 1685; x_wconf 89' lang='lat' dir='ltr'>la</span> <span class='ocrx_word' id='word_1_195' title='bbox 949 1638 1098 1686; x_wconf 90' lang='lat' dir='ltr'>banda</span> <span class='ocrx_word' id='word_1_196' title='bbox 1121 1639 1178 1686; x_wconf 91' lang='lat' dir='ltr'>de</span> <span class='ocrx_word' id='word_1_197' title='bbox 1205 1639 1423 1696; x_wconf 88' lang='lat' dir='ltr'>Moroto,</span> <span class='ocrx_word' id='word_1_198' title='bbox 1447 1655 1560 1703; x_wconf 89' lang='lat' dir='ltr'>capo</span> <span class='ocrx_word' id='word_1_199' title='bbox 1591 1639 1647 1686; x_wconf 93' lang='lat' dir='ltr'>de</span> <span class='ocrx_word' id='word_1_200' title='bbox 1672 1639 1782 1685; x_wconf 87' lang='lat' dir='ltr'>ban·</span> <span class='ocrx_word' id='word_1_201' title='bbox 1831 1685 1839 1694; x_wconf 77' lang='grc'>,</span> 
     </span>
     <span class='ocr_line' id='line_1_20' title="bbox 146 1713 1782 1778; baseline -0.001 -17"><span class='ocrx_word' id='word_1_202' title='bbox 146 1714 244 1771; x_wconf 90' lang='lat' dir='ltr'>diti,</span> <span class='ocrx_word' id='word_1_203' title='bbox 270 1714 330 1761; x_wconf 93' lang='lat' dir='ltr'>iui</span> <span class='ocrx_word' id='word_1_204' title='bbox 356 1731 431 1761; x_wconf 89' lang='lat' dir='ltr'>era</span> <span class='ocrx_word' id='word_1_205' title='bbox 454 1714 603 1778; x_wconf 86' lang='lat' dir='ltr'>quella</span> <span class='ocrx_word' id='word_1_206' title='bbox 626 1714 682 1761; x_wconf 92' lang='lat' dir='ltr'>de</span> <span class='ocrx_word' id='word_1_207' title='bbox 708 1713 895 1771; x_wconf 89' lang='lat' dir='ltr'>Tanari,</span> <span class='ocrx_word' id='word_1_208' title='bbox 920 1724 1083 1778; x_wconf 87' lang='lat' dir='ltr'>questo</span> <span class='ocrx_word' id='word_1_209' title='bbox 1108 1713 1353 1778; x_wconf 88' lang='lat' dir='ltr'>bolognese</span> <span class='ocrx_word' id='word_1_210' title='bbox 1372 1725 1418 1760; x_wconf 92' lang='lat' dir='ltr'>et</span> <span class='ocrx_word' id='word_1_211' title='bbox 1434 1713 1587 1778; x_wconf 93' lang='lat' dir='ltr'>quello</span> <span class='ocrx_word' id='word_1_212' title='bbox 1605 1713 1782 1778; x_wconf 90' lang='lat' dir='ltr'>reghia-</span> 
     </span>
     <span class='ocr_line' id='line_1_21' title="bbox 148 1788 1783 1852; baseline 0 -17"><span class='ocrx_word' id='word_1_213' title='bbox 148 1805 221 1835; x_wconf 90' lang='lat' dir='ltr'>no.</span> <span class='ocrx_word' id='word_1_214' title='bbox 252 1788 298 1834; x_wconf 92' lang='lat' dir='ltr'>O</span> <span class='ocrx_word' id='word_1_215' title='bbox 329 1799 497 1852; x_wconf 90' lang='lat' dir='ltr'>quante</span> <span class='ocrx_word' id='word_1_216' title='bbox 530 1788 816 1852; x_wconf 85' lang='lat' dir='ltr'>oppresione,</span> <span class='ocrx_word' id='word_1_217' title='bbox 848 1805 877 1834; x_wconf 97' lang='lat' dir='ltr'>o</span> <span class='ocrx_word' id='word_1_218' title='bbox 910 1788 1067 1852; x_wconf 88' lang='lat' dir='ltr'>quanti</span> <span class='ocrx_word' id='word_1_219' title='bbox 1101 1788 1206 1835; x_wconf 88' lang='lat' dir='ltr'>ratti</span> <span class='ocrx_word' id='word_1_220' title='bbox 1243 1789 1289 1835; x_wconf 91' lang='lat' dir='ltr'>di</span> <span class='ocrx_word' id='word_1_221' title='bbox 1328 1788 1517 1852; x_wconf 89' lang='lat' dir='ltr'>virgine,</span> <span class='ocrx_word' id='word_1_222' title='bbox 1551 1805 1580 1835; x_wconf 94' lang='lat' dir='ltr'>o</span> <span class='ocrx_word' id='word_1_223' title='bbox 1610 1800 1783 1852; x_wconf 86' lang='lat' dir='ltr'>quanto</span> 
     </span>
     <span class='ocr_line' id='line_1_22' title="bbox 147 1863 1781 1927; baseline 0 -17"><span class='ocrx_word' id='word_1_224' title='bbox 147 1863 363 1910; x_wconf 90' lang='lat' dir='ltr'>uiolentie</span> <span class='ocrx_word' id='word_1_225' title='bbox 387 1875 431 1910; x_wconf 91' lang='lat' dir='ltr'>et</span> <span class='ocrx_word' id='word_1_226' title='bbox 456 1863 696 1920; x_wconf 89' lang='lat' dir='ltr'>latrocinii;</span> <span class='ocrx_word' id='word_1_227' title='bbox 721 1874 767 1910; x_wconf 93' lang='lat' dir='ltr'>et</span> <span class='ocrx_word' id='word_1_228' title='bbox 790 1879 953 1910; x_wconf 88' lang='lat' dir='ltr'>ancora</span> <span class='ocrx_word' id='word_1_229' title='bbox 976 1863 1016 1910; x_wconf 92' lang='lat' dir='ltr'>le</span> <span class='ocrx_word' id='word_1_230' title='bbox 1041 1863 1221 1927; x_wconf 91' lang='lat' dir='ltr'>pliaghe</span> <span class='ocrx_word' id='word_1_231' title='bbox 1244 1880 1358 1910; x_wconf 92' lang='lat' dir='ltr'>sono</span> <span class='ocrx_word' id='word_1_232' title='bbox 1389 1874 1583 1911; x_wconf 90' lang='lat' dir='ltr'>recente.</span> <span class='ocrx_word' id='word_1_233' title='bbox 1611 1863 1678 1910; x_wconf 93' lang='lat' dir='ltr'>Le</span> <span class='ocrx_word' id='word_1_234' title='bbox 1701 1864 1781 1927; x_wconf 77' lang='lat' dir='ltr'>piu</span> 
     </span>
     <span class='ocr_line' id='line_1_23' title="bbox 146 1938 1784 2002; baseline -0.001 -17"><span class='ocrx_word' id='word_1_235' title='bbox 146 1938 327 1986; x_wconf 88' lang='lat' dir='ltr'>crudele</span> <span class='ocrx_word' id='word_1_236' title='bbox 352 1956 470 1985; x_wconf 92' lang='lat' dir='ltr'>noue</span> <span class='ocrx_word' id='word_1_237' title='bbox 498 1938 571 1986; x_wconf 90' lang='lat' dir='ltr'>del</span> <span class='ocrx_word' id='word_1_238' title='bbox 604 1939 777 1986; x_wconf 89' lang='lat' dir='ltr'>mondo</span> <span class='ocrx_word' id='word_1_239' title='bbox 807 1939 936 1985; x_wconf 86' lang='lat' dir='ltr'>esser&#39;</span> <span class='ocrx_word' id='word_1_240' title='bbox 954 1939 1281 2002; x_wconf 88' lang='lat' dir='ltr'>imprigionati,</span> <span class='ocrx_word' id='word_1_241' title='bbox 1307 1939 1365 1986; x_wconf 89' lang='lat' dir='ltr'>da</span> <span class='ocrx_word' id='word_1_242' title='bbox 1396 1954 1461 1998; x_wconf 91' lang='lat'>40</span> <span class='ocrx_word' id='word_1_243' title='bbox 1485 1939 1530 1984; x_wconf 89' lang='lat' dir='ltr'>in</span> <span class='ocrx_word' id='word_1_244' title='bbox 1562 1955 1707 1996; x_wconf 91' lang='lat' dir='ltr'>cerea,</span> <span class='ocrx_word' id='word_1_245' title='bbox 1727 1939 1784 1985; x_wconf 91' lang='lat' dir='ltr'>de</span> 
     </span>
     <span class='ocr_line' id='line_1_24' title="bbox 147 2011 1781 2077; baseline 0 -19"><span class='ocrx_word' id='word_1_246' title='bbox 147 2012 281 2077; x_wconf 88' lang='lat' dir='ltr'>quelli</span> <span class='ocrx_word' id='word_1_247' title='bbox 307 2012 382 2059; x_wconf 92' lang='lat' dir='ltr'>del</span> <span class='ocrx_word' id='word_1_248' title='bbox 406 2013 619 2069; x_wconf 93' lang='lat' dir='ltr'>Moroto,</span> <span class='ocrx_word' id='word_1_249' title='bbox 646 2024 691 2059; x_wconf 93' lang='lat' dir='ltr'>et</span> <span class='ocrx_word' id='word_1_250' title='bbox 716 2029 809 2059; x_wconf 92' lang='lat' dir='ltr'>uno</span> <span class='ocrx_word' id='word_1_251' title='bbox 827 2012 884 2059; x_wconf 92' lang='lat' dir='ltr'>de</span> <span class='ocrx_word' id='word_1_252' title='bbox 904 2012 1076 2059; x_wconf 88' lang='lat' dir='ltr'>Tanari</span> <span class='ocrx_word' id='word_1_253' title='bbox 1102 2012 1131 2058; x_wconf 91' lang='lat' dir='ltr'>li</span> <span class='ocrx_word' id='word_1_254' title='bbox 1156 2011 1310 2059; x_wconf 84' lang='lat' dir='ltr'>faceua</span> <span class='ocrx_word' id='word_1_255' title='bbox 1336 2013 1464 2059; x_wconf 89' lang='lat' dir='ltr'>uenir</span> <span class='ocrx_word' id='word_1_256' title='bbox 1484 2011 1655 2058; x_wconf 91' lang='lat' dir='ltr'>fuoraa</span> <span class='ocrx_word' id='word_1_257' title='bbox 1674 2029 1781 2069; x_wconf 91' lang='lat' dir='ltr'>uno,</span> 
     </span>
     <span class='ocr_line' id='line_1_25' title="bbox 148 2085 1783 2151; baseline -0.001 -18"><span class='ocrx_word' id='word_1_258' title='bbox 148 2103 173 2132; x_wconf 91' lang='lat' dir='ltr'>a</span> <span class='ocrx_word' id='word_1_259' title='bbox 197 2103 304 2144; x_wconf 90' lang='lat' dir='ltr'>uno,</span> <span class='ocrx_word' id='word_1_260' title='bbox 329 2097 374 2133; x_wconf 90' lang='lat' dir='ltr'>et</span> <span class='ocrx_word' id='word_1_261' title='bbox 397 2103 483 2133; x_wconf 90' lang='lat' dir='ltr'>con</span> <span class='ocrx_word' id='word_1_262' title='bbox 516 2103 607 2133; x_wconf 89' lang='lat' dir='ltr'>una</span> <span class='ocrx_word' id='word_1_263' title='bbox 633 2103 795 2151; x_wconf 88' lang='lat' dir='ltr'>segura</span> <span class='ocrx_word' id='word_1_264' title='bbox 828 2086 856 2132; x_wconf 93' lang='lat' dir='ltr'>l&#39;</span> <span class='ocrx_word' id='word_1_265' title='bbox 877 2103 1120 2150; x_wconf 90' lang='lat' dir='ltr'>accopaua:</span> <span class='ocrx_word' id='word_1_266' title='bbox 1156 2085 1219 2132; x_wconf 87' lang='lat' dir='ltr'>m’</span> <span class='ocrx_word' id='word_1_267' title='bbox 1238 2103 1364 2133; x_wconf 91' lang='lat' dir='ltr'>unno</span> <span class='ocrx_word' id='word_1_268' title='bbox 1398 2104 1452 2133; x_wconf 91' lang='lat' dir='ltr'>ne</span> <span class='ocrx_word' id='word_1_269' title='bbox 1484 2086 1613 2132; x_wconf 77' lang='lat' dir='ltr'>saluo</span> <span class='ocrx_word' id='word_1_270' title='bbox 1639 2098 1684 2133; x_wconf 92' lang='lat' dir='ltr'>et</span> <span class='ocrx_word' id='word_1_271' title='bbox 1707 2103 1783 2132; x_wconf 90' lang='lat' dir='ltr'>era</span> 
     </span>
     <span class='ocr_line' id='line_1_26' title="bbox 149 2158 1783 2225; baseline -0.001 -18"><span class='ocrx_word' id='word_1_272' title='bbox 149 2160 351 2209; x_wconf 92' lang='lat' dir='ltr'>uecchio.</span> <span class='ocrx_word' id='word_1_273' title='bbox 382 2161 521 2224; x_wconf 85' lang='lat' dir='ltr'>Dapo</span> <span class='ocrx_word' id='word_1_274' title='bbox 545 2161 691 2225; x_wconf 89' lang='lat' dir='ltr'>questi</span> <span class='ocrx_word' id='word_1_275' title='bbox 715 2160 874 2207; x_wconf 89' lang='lat' dir='ltr'>huomi</span> <span class='ocrx_word' id='word_1_276' title='bbox 894 2159 1017 2207; x_wconf 86' lang='lat' dir='ltr'>eletti</span> <span class='ocrx_word' id='word_1_277' title='bbox 1039 2161 1192 2207; x_wconf 86' lang='lat' dir='ltr'>hanno</span> <span class='ocrx_word' id='word_1_278' title='bbox 1218 2161 1246 2207; x_wconf 96' lang='lat' dir='ltr'>il</span> <span class='ocrx_word' id='word_1_279' title='bbox 1273 2161 1414 2208; x_wconf 90' lang='lat' dir='ltr'>modo</span> <span class='ocrx_word' id='word_1_280' title='bbox 1434 2160 1479 2207; x_wconf 91' lang='lat' dir='ltr'>di</span> <span class='ocrx_word' id='word_1_281' title='bbox 1505 2158 1573 2206; x_wconf 89' lang='lat' dir='ltr'>far</span> <span class='ocrx_word' id='word_1_282' title='bbox 1599 2160 1638 2207; x_wconf 92' lang='lat' dir='ltr'>le</span> <span class='ocrx_word' id='word_1_283' title='bbox 1657 2176 1783 2206; x_wconf 90' lang='lat' dir='ltr'>com-</span> 
     </span>
     <span class='ocr_line' id='line_1_27' title="bbox 150 2234 1783 2299; baseline 0.001 -19"><span class='ocrx_word' id='word_1_284' title='bbox 150 2234 363 2298; x_wconf 90' lang='lat' dir='ltr'>positioni</span> <span class='ocrx_word' id='word_1_285' title='bbox 387 2236 505 2281; x_wconf 87' lang='lat' dir='ltr'>com’</span> <span class='ocrx_word' id='word_1_286' title='bbox 525 2235 586 2299; x_wconf 88' lang='lat' dir='ltr'>gli</span> <span class='ocrx_word' id='word_1_287' title='bbox 612 2235 858 2282; x_wconf 88' lang='lat' dir='ltr'>hauemmo</span> <span class='ocrx_word' id='word_1_288' title='bbox 881 2235 1109 2293; x_wconf 87' lang='lat' dir='ltr'>ordinato,</span> <span class='ocrx_word' id='word_1_289' title='bbox 1127 2246 1172 2282; x_wconf 91' lang='lat' dir='ltr'>et</span> <span class='ocrx_word' id='word_1_290' title='bbox 1191 2252 1354 2283; x_wconf 89' lang='lat' dir='ltr'>ancora</span> <span class='ocrx_word' id='word_1_291' title='bbox 1378 2236 1530 2282; x_wconf 87' lang='lat' dir='ltr'>hanno</span> <span class='ocrx_word' id='word_1_292' title='bbox 1549 2251 1574 2281; x_wconf 92' lang='lat' dir='ltr'>a</span> <span class='ocrx_word' id='word_1_293' title='bbox 1591 2251 1783 2298; x_wconf 91' lang='lat' dir='ltr'>congre-</span> 
     </span>
     <span class='ocr_line' id='line_1_28' title="bbox 151 2307 1781 2374; baseline 0.001 -19"><span class='ocrx_word' id='word_1_294' title='bbox 151 2309 267 2373; x_wconf 90' lang='lat' dir='ltr'>garsi</span> <span class='ocrx_word' id='word_1_295' title='bbox 292 2325 378 2355; x_wconf 92' lang='lat' dir='ltr'>con</span> <span class='ocrx_word' id='word_1_296' title='bbox 402 2309 499 2355; x_wconf 93' lang='lat' dir='ltr'>suoi</span> <span class='ocrx_word' id='word_1_297' title='bbox 525 2308 715 2373; x_wconf 88' lang='lat' dir='ltr'>figliuoli</span> <span class='ocrx_word' id='word_1_298' title='bbox 738 2308 846 2373; x_wconf 91' lang='lat' dir='ltr'>ogni</span> <span class='ocrx_word' id='word_1_299' title='bbox 873 2307 1006 2368; x_wconf 89' lang='lat' dir='ltr'>festa,</span> <span class='ocrx_word' id='word_1_300' title='bbox 1032 2310 1157 2374; x_wconf 94' lang='lat' dir='ltr'>dopo</span> <span class='ocrx_word' id='word_1_301' title='bbox 1182 2310 1211 2357; x_wconf 91' lang='lat' dir='ltr'>il</span> <span class='ocrx_word' id='word_1_302' title='bbox 1242 2310 1441 2367; x_wconf 88' lang='lat' dir='ltr'>disinar&#39;,</span> <span class='ocrx_word' id='word_1_303' title='bbox 1468 2309 1579 2355; x_wconf 83' lang='lat' dir='ltr'>nella</span> <span class='ocrx_word' id='word_1_304' title='bbox 1606 2309 1781 2367; x_wconf 89' lang='lat' dir='ltr'>chiesia,</span> 
     </span>
     <span class='ocr_line' id='line_1_29' title="bbox 151 2382 1782 2448; baseline 0.001 -19"><span class='ocrx_word' id='word_1_305' title='bbox 151 2399 233 2446; x_wconf 90' lang='lat' dir='ltr'>per</span> <span class='ocrx_word' id='word_1_306' title='bbox 257 2382 470 2447; x_wconf 87' lang='lat' dir='ltr'>imparar’</span> <span class='ocrx_word' id='word_1_307' title='bbox 490 2383 529 2429; x_wconf 89' lang='lat' dir='ltr'>la</span> <span class='ocrx_word' id='word_1_308' title='bbox 551 2383 753 2430; x_wconf 89' lang='lat' dir='ltr'>dottrina</span> <span class='ocrx_word' id='word_1_309' title='bbox 775 2383 956 2447; x_wconf 86' lang='lat' dir='ltr'>xpiana.</span> <span class='ocrx_word' id='word_1_310' title='bbox 981 2383 1135 2430; x_wconf 88' lang='lat' dir='ltr'>Molta</span> <span class='ocrx_word' id='word_1_311' title='bbox 1161 2384 1416 2448; x_wconf 85' lang='lat' dir='ltr'>ignorantia</span> <span class='ocrx_word' id='word_1_312' title='bbox 1438 2385 1482 2430; x_wconf 90' lang='lat' dir='ltr'>u&#39;</span> <span class='ocrx_word' id='word_1_313' title='bbox 1502 2385 1526 2430; x_wconf 80' lang='grc' dir='ltr'>ἐ</span> <span class='ocrx_word' id='word_1_314' title='bbox 1552 2383 1667 2430; x_wconf 91' lang='lat' dir='ltr'>delle</span> <span class='ocrx_word' id='word_1_315' title='bbox 1681 2400 1782 2430; x_wconf 91' lang='lat' dir='ltr'>cose</span> 
     </span>
     <span class='ocr_line' id='line_1_30' title="bbox 152 2456 1780 2522; baseline 0.001 -19"><span class='ocrx_word' id='word_1_316' title='bbox 152 2456 254 2503; x_wconf 93' lang='lat' dir='ltr'>dell&#39;</span> <span class='ocrx_word' id='word_1_317' title='bbox 274 2457 422 2504; x_wconf 88' lang='lat' dir='ltr'>anime</span> <span class='ocrx_word' id='word_1_318' title='bbox 445 2468 490 2503; x_wconf 91' lang='lat' dir='ltr'>et</span> <span class='ocrx_word' id='word_1_319' title='bbox 513 2458 569 2504; x_wconf 92' lang='lat' dir='ltr'>de</span> <span class='ocrx_word' id='word_1_320' title='bbox 589 2458 698 2514; x_wconf 90' lang='lat' dir='ltr'>Dio,</span> <span class='ocrx_word' id='word_1_321' title='bbox 723 2468 767 2503; x_wconf 94' lang='lat' dir='ltr'>et</span> <span class='ocrx_word' id='word_1_322' title='bbox 791 2457 903 2504; x_wconf 89' lang='lat' dir='ltr'>tanti</span> <span class='ocrx_word' id='word_1_323' title='bbox 929 2457 1159 2505; x_wconf 89' lang='lat' dir='ltr'>homicidii</span> <span class='ocrx_word' id='word_1_324' title='bbox 1181 2475 1264 2506; x_wconf 91' lang='lat' dir='ltr'>son</span> <span class='ocrx_word' id='word_1_325' title='bbox 1284 2460 1352 2505; x_wconf 69' lang='lat' dir='ltr'>sta</span> <span class='ocrx_word' id='word_1_326' title='bbox 1370 2458 1537 2504; x_wconf 87' lang='lat' dir='ltr'>causati</span> <span class='ocrx_word' id='word_1_327' title='bbox 1556 2475 1636 2521; x_wconf 90' lang='lat' dir='ltr'>per</span> <span class='ocrx_word' id='word_1_328' title='bbox 1655 2458 1780 2522; x_wconf 88' lang='lat' dir='ltr'>igno·</span> 
     </span>
     <span class='ocr_line' id='line_1_31' title="bbox 153 2531 1626 2596; baseline 0.001 -19"><span class='ocrx_word' id='word_1_329' title='bbox 153 2547 305 2590; x_wconf 90' lang='lat' dir='ltr'>ranza,</span> <span class='ocrx_word' id='word_1_330' title='bbox 330 2548 417 2578; x_wconf 91' lang='lat' dir='ltr'>con</span> <span class='ocrx_word' id='word_1_331' title='bbox 443 2531 555 2577; x_wconf 89' lang='lat' dir='ltr'>tanti</span> <span class='ocrx_word' id='word_1_332' title='bbox 581 2531 681 2578; x_wconf 86' lang='lat' dir='ltr'>altri</span> <span class='ocrx_word' id='word_1_333' title='bbox 708 2531 812 2578; x_wconf 89' lang='lat' dir='ltr'>mali</span> <span class='ocrx_word' id='word_1_334' title='bbox 836 2548 950 2578; x_wconf 91' lang='lat' dir='ltr'>sono</span> <span class='ocrx_word' id='word_1_335' title='bbox 976 2532 1079 2578; x_wconf 91' lang='lat' dir='ltr'>nelli</span> <span class='ocrx_word' id='word_1_336' title='bbox 1105 2533 1249 2579; x_wconf 87' lang='lat' dir='ltr'>monti</span> <span class='ocrx_word' id='word_1_337' title='bbox 1274 2544 1319 2580; x_wconf 92' lang='lat' dir='ltr'>et</span> <span class='ocrx_word' id='word_1_338' title='bbox 1345 2532 1433 2596; x_wconf 89' lang='lat' dir='ltr'>alpi</span> <span class='ocrx_word' id='word_1_339' title='bbox 1460 2549 1626 2595; x_wconf 87' lang='lat' dir='ltr'>aspere.</span> 
     </span>
    </p>

    <p class='ocr_par' dir='ltr' id='par_1_4' title="bbox 153 2604 1785 3193">
     <span class='ocr_line' id='line_1_32' title="bbox 219 2604 1784 2665; baseline 0.001 -14"><span class='ocrx_word' id='word_1_340' title='bbox 219 2611 284 2664; x_wconf 87' lang='lat'>4.⁰</span> <span class='ocrx_word' id='word_1_341' title='bbox 321 2604 593 2652; x_wconf 89' lang='lat' dir='ltr'>Hauemmo</span> <span class='ocrx_word' id='word_1_342' title='bbox 616 2605 756 2652; x_wconf 92' lang='lat' dir='ltr'>eletto</span> <span class='ocrx_word' id='word_1_343' title='bbox 781 2605 810 2652; x_wconf 89' lang='lat' dir='ltr'>il</span> <span class='ocrx_word' id='word_1_344' title='bbox 843 2605 987 2653; x_wconf 90' lang='lat' dir='ltr'>simile</span> <span class='ocrx_word' id='word_1_345' title='bbox 1020 2606 1188 2665; x_wconf 87' lang='lat' dir='ltr'>donne,</span> <span class='ocrx_word' id='word_1_346' title='bbox 1219 2609 1257 2654; x_wconf 91' lang='lat' dir='ltr'>c&#39;</span> <span class='ocrx_word' id='word_1_347' title='bbox 1279 2607 1509 2654; x_wconf 89' lang='lat' dir='ltr'>habbiono</span> <span class='ocrx_word' id='word_1_348' title='bbox 1539 2623 1646 2652; x_wconf 88' lang='lat' dir='ltr'>cura</span> <span class='ocrx_word' id='word_1_349' title='bbox 1679 2605 1784 2653; x_wconf 90' lang='lat' dir='ltr'>delli</span> 
     </span>
     <span class='ocr_line' id='line_1_33' title="bbox 153 2679 1785 2744; baseline 0 -18"><span class='ocrx_word' id='word_1_350' title='bbox 153 2679 350 2728; x_wconf 86' lang='lat' dir='ltr'>amalati.</span> <span class='ocrx_word' id='word_1_351' title='bbox 384 2680 453 2727; x_wconf 89' lang='lat' dir='ltr'>La</span> <span class='ocrx_word' id='word_1_352' title='bbox 484 2680 632 2744; x_wconf 88' lang='lat' dir='ltr'>prima</span> <span class='ocrx_word' id='word_1_353' title='bbox 663 2696 785 2737; x_wconf 85' lang='lat' dir='ltr'>cosa,</span> <span class='ocrx_word' id='word_1_354' title='bbox 810 2680 893 2727; x_wconf 90' lang='lat' dir='ltr'>che</span> <span class='ocrx_word' id='word_1_355' title='bbox 927 2680 963 2727; x_wconf 89' lang='lat' dir='ltr'>si</span> <span class='ocrx_word' id='word_1_356' title='bbox 995 2679 1267 2728; x_wconf 90' lang='lat' dir='ltr'>confessono</span> <span class='ocrx_word' id='word_1_357' title='bbox 1291 2693 1336 2728; x_wconf 94' lang='lat' dir='ltr'>et</span> <span class='ocrx_word' id='word_1_358' title='bbox 1367 2680 1685 2728; x_wconf 89' lang='lat' dir='ltr'>comunicono.</span> <span class='ocrx_word' id='word_1_359' title='bbox 1716 2680 1785 2727; x_wconf 87' lang='lat' dir='ltr'>La</span> 
     </span>
     <span class='ocr_line' id='line_1_34' title="bbox 158 2752 1785 2820; baseline 0.002 -20"><span class='ocrx_word' id='word_1_360' title='bbox 158 2752 217 2800; x_wconf 85' lang='lat'>2.⁰</span> <span class='ocrx_word' id='word_1_361' title='bbox 239 2770 358 2813; x_wconf 87' lang='lat' dir='ltr'>cosa,</span> <span class='ocrx_word' id='word_1_362' title='bbox 381 2754 416 2800; x_wconf 92' lang='lat' dir='ltr'>si</span> <span class='ocrx_word' id='word_1_363' title='bbox 441 2771 555 2801; x_wconf 92' lang='lat' dir='ltr'>sono</span> <span class='ocrx_word' id='word_1_364' title='bbox 581 2754 755 2817; x_wconf 88' lang='lat' dir='ltr'>poueri,</span> <span class='ocrx_word' id='word_1_365' title='bbox 779 2755 861 2801; x_wconf 92' lang='lat' dir='ltr'>che</span> <span class='ocrx_word' id='word_1_366' title='bbox 892 2755 1123 2802; x_wconf 75' lang='lat' dir='ltr'>m&#39;andono</span> <span class='ocrx_word' id='word_1_367' title='bbox 1149 2773 1231 2820; x_wconf 89' lang='lat' dir='ltr'>per</span> <span class='ocrx_word' id='word_1_368' title='bbox 1264 2756 1305 2803; x_wconf 89' lang='lat' dir='ltr'>la</span> <span class='ocrx_word' id='word_1_369' title='bbox 1336 2768 1455 2803; x_wconf 88' lang='lat' dir='ltr'>terra</span> <span class='ocrx_word' id='word_1_370' title='bbox 1480 2755 1637 2802; x_wconf 89' lang='lat' dir='ltr'>alcune</span> <span class='ocrx_word' id='word_1_371' title='bbox 1668 2755 1785 2803; x_wconf 82' lang='lat' dir='ltr'>della</span> 
     </span>
     <span class='ocr_line' id='line_1_35' title="bbox 154 2828 1784 2894; baseline 0 -19"><span class='ocrx_word' id='word_1_372' title='bbox 154 2829 424 2893; x_wconf 89' lang='lat' dir='ltr'>compagnia</span> <span class='ocrx_word' id='word_1_373' title='bbox 447 2846 472 2875; x_wconf 90' lang='lat' dir='ltr'>a</span> <span class='ocrx_word' id='word_1_374' title='bbox 495 2829 735 2893; x_wconf 88' lang='lat' dir='ltr'>proueder’</span> <span class='ocrx_word' id='word_1_375' title='bbox 756 2846 780 2875; x_wconf 86' lang='lat' dir='ltr'>a</span> <span class='ocrx_word' id='word_1_376' title='bbox 804 2847 883 2876; x_wconf 89' lang='lat' dir='ltr'>sua</span> <span class='ocrx_word' id='word_1_377' title='bbox 917 2831 1131 2877; x_wconf 69' lang='lat' dir='ltr'>necessita</span> <span class='ocrx_word' id='word_1_378' title='bbox 1163 2830 1398 2894; x_wconf 89' lang='lat' dir='ltr'>corporali.</span> <span class='ocrx_word' id='word_1_379' title='bbox 1434 2828 1496 2890; x_wconf 86' lang='lat'>3.⁰</span> <span class='ocrx_word' id='word_1_380' title='bbox 1529 2829 1629 2876; x_wconf 88' lang='lat' dir='ltr'>Che</span> <span class='ocrx_word' id='word_1_381' title='bbox 1658 2846 1784 2876; x_wconf 90' lang='lat' dir='ltr'>com-</span> 
     </span>
     <span class='ocr_line' id='line_1_36' title="bbox 156 2902 1785 2966; baseline 0 -17"><span class='ocrx_word' id='word_1_382' title='bbox 156 2920 405 2966; x_wconf 90' lang='lat' dir='ltr'>ponnanno</span> <span class='ocrx_word' id='word_1_383' title='bbox 437 2902 478 2950; x_wconf 94' lang='lat' dir='ltr'>le</span> <span class='ocrx_word' id='word_1_384' title='bbox 508 2903 584 2950; x_wconf 92' lang='lat' dir='ltr'>lite</span> <span class='ocrx_word' id='word_1_385' title='bbox 614 2919 776 2949; x_wconf 89' lang='lat' dir='ltr'>ancora</span> <span class='ocrx_word' id='word_1_386' title='bbox 810 2902 878 2949; x_wconf 89' lang='lat' dir='ltr'>fra</span> <span class='ocrx_word' id='word_1_387' title='bbox 908 2904 1018 2951; x_wconf 88' lang='lat' dir='ltr'>loro.</span> <span class='ocrx_word' id='word_1_388' title='bbox 1044 2903 1112 2963; x_wconf 91' lang='lat'>4.⁰</span> <span class='ocrx_word' id='word_1_389' title='bbox 1140 2905 1178 2951; x_wconf 95' lang='lat' dir='ltr'>Il</span> <span class='ocrx_word' id='word_1_390' title='bbox 1211 2905 1353 2951; x_wconf 90' lang='lat' dir='ltr'>simile</span> <span class='ocrx_word' id='word_1_391' title='bbox 1387 2904 1470 2950; x_wconf 91' lang='lat' dir='ltr'>che</span> <span class='ocrx_word' id='word_1_392' title='bbox 1502 2903 1670 2950; x_wconf 90' lang='lat' dir='ltr'>uadino</span> <span class='ocrx_word' id='word_1_393' title='bbox 1701 2903 1785 2949; x_wconf 88' lang='lat' dir='ltr'>alla</span> 
     </span>
     <span class='ocr_line' id='line_1_37' title="bbox 155 2977 1783 3042; baseline 0 -19"><span class='ocrx_word' id='word_1_394' title='bbox 155 2977 357 3023; x_wconf 88' lang='lat' dir='ltr'>dottrina</span> <span class='ocrx_word' id='word_1_395' title='bbox 387 2978 580 3040; x_wconf 88' lang='lat' dir='ltr'>xpiana.‚</span> <span class='ocrx_word' id='word_1_396' title='bbox 605 2988 649 3023; x_wconf 91' lang='lat' dir='ltr'>et</span> <span class='ocrx_word' id='word_1_397' title='bbox 678 2977 760 3023; x_wconf 87' lang='lat' dir='ltr'>che</span> <span class='ocrx_word' id='word_1_398' title='bbox 792 2978 1028 3025; x_wconf 89' lang='lat' dir='ltr'>notricono</span> <span class='ocrx_word' id='word_1_399' title='bbox 1060 2979 1098 3025; x_wconf 94' lang='lat' dir='ltr'>le</span> <span class='ocrx_word' id='word_1_400' title='bbox 1129 2996 1208 3025; x_wconf 90' lang='lat' dir='ltr'>sue</span> <span class='ocrx_word' id='word_1_401' title='bbox 1241 2979 1440 3042; x_wconf 88' lang='lat' dir='ltr'>figliuole</span> <span class='ocrx_word' id='word_1_402' title='bbox 1471 2978 1516 3024; x_wconf 91' lang='lat' dir='ltr'>in</span> <span class='ocrx_word' id='word_1_403' title='bbox 1551 2978 1783 3040; x_wconf 87' lang='lat' dir='ltr'>pudicitia,</span> 
     </span>
     <span class='ocr_line' id='line_1_38' title="bbox 159 3052 1782 3115; baseline 0.001 -19"><span class='ocrx_word' id='word_1_404' title='bbox 159 3067 250 3097; x_wconf 88' lang='lat' dir='ltr'>non</span> <span class='ocrx_word' id='word_1_405' title='bbox 275 3052 354 3114; x_wconf 76' lang='lat' dir='ltr'>piu</span> <span class='ocrx_word' id='word_1_406' title='bbox 382 3052 425 3097; x_wconf 88' lang='lat' dir='ltr'>in</span> <span class='ocrx_word' id='word_1_407' title='bbox 453 3052 554 3098; x_wconf 84' lang='lat' dir='ltr'>balli</span> <span class='ocrx_word' id='word_1_408' title='bbox 580 3063 624 3098; x_wconf 93' lang='lat' dir='ltr'>et</span> <span class='ocrx_word' id='word_1_409' title='bbox 648 3068 830 3115; x_wconf 87' lang='lat' dir='ltr'>pompe,</span> <span class='ocrx_word' id='word_1_410' title='bbox 856 3054 973 3099; x_wconf 89' lang='lat' dir='ltr'>com&#39;</span> <span class='ocrx_word' id='word_1_411' title='bbox 994 3054 1146 3100; x_wconf 88' lang='lat' dir='ltr'>hanno</span> <span class='ocrx_word' id='word_1_412' title='bbox 1172 3053 1287 3100; x_wconf 86' lang='lat' dir='ltr'>fatto</span> <span class='ocrx_word' id='word_1_413' title='bbox 1312 3054 1456 3099; x_wconf 86' lang='lat' dir='ltr'>insino</span> <span class='ocrx_word' id='word_1_414' title='bbox 1482 3052 1520 3098; x_wconf 91' lang='lat' dir='ltr'>al</span> <span class='ocrx_word' id='word_1_415' title='bbox 1555 3064 1782 3115; x_wconf 88' lang='lat' dir='ltr'>presente,</span> 
     </span>
     <span class='ocr_line' id='line_1_39' title="bbox 157 3126 1783 3193; baseline 0.002 -21"><span class='ocrx_word' id='word_1_416' title='bbox 157 3142 242 3173; x_wconf 90' lang='lat' dir='ltr'>con</span> <span class='ocrx_word' id='word_1_417' title='bbox 269 3126 364 3173; x_wconf 91' lang='lat' dir='ltr'>loro</span> <span class='ocrx_word' id='word_1_418' title='bbox 389 3126 517 3174; x_wconf 88' lang='lat' dir='ltr'>roina</span> <span class='ocrx_word' id='word_1_419' title='bbox 542 3126 646 3175; x_wconf 91' lang='lat' dir='ltr'>dell&#39;</span> <span class='ocrx_word' id='word_1_420' title='bbox 666 3127 828 3185; x_wconf 85' lang='lat' dir='ltr'>anima,</span> <span class='ocrx_word' id='word_1_421' title='bbox 853 3127 924 3175; x_wconf 92' lang='lat' dir='ltr'>del</span> <span class='ocrx_word' id='word_1_422' title='bbox 948 3145 1090 3193; x_wconf 91' lang='lat' dir='ltr'>corpo</span> <span class='ocrx_word' id='word_1_423' title='bbox 1112 3139 1158 3176; x_wconf 89' lang='lat' dir='ltr'>et</span> <span class='ocrx_word' id='word_1_424' title='bbox 1180 3128 1295 3176; x_wconf 89' lang='lat' dir='ltr'>della</span> <span class='ocrx_word' id='word_1_425' title='bbox 1318 3128 1481 3185; x_wconf 89' lang='lat' dir='ltr'>robba;</span> <span class='ocrx_word' id='word_1_426' title='bbox 1507 3136 1552 3173; x_wconf 90' lang='lat' dir='ltr'>et</span> <span class='ocrx_word' id='word_1_427' title='bbox 1574 3127 1656 3174; x_wconf 90' lang='lat' dir='ltr'>che</span> <span class='ocrx_word' id='word_1_428' title='bbox 1677 3127 1783 3175; x_wconf 85' lang='lat' dir='ltr'>tutti</span> 
     </span>
    </p>
   </div>
  </div>
 </body>
</html>
