2008 3510
316 243 393 295 690
780 244 1013 296 Ep1srorAE
1042 246 1371 299 M1xTAE—1282

263 361 518 413 prouectae.
553 350 678 398 Cum
710 349 828 398 forte
860 351 1056 416 aliquam
1089 353 1249 400 vident
1281 353 1660 401 adolescentulam
1693 368 1887 419 raptam,

261 425 377 471 male
411 426 666 472 admodum
699 437 913 475 tractant:
947 428 992 474 in
1025 428 1116 474 suis
1154 445 1264 475 uero
1294 428 1510 487 custodiis
1548 428 1718 476 multos
1750 431 1886 477 habet

258 499 484 548 satellites,
529 500 743 560 Tributa,
780 518 894 566 quae
936 502 1141 565 agricolis
1183 502 1393 566 plebique
1418 503 1628 566 imponit,
1659 504 1885 553 eiusmodi

258 585 380 633 sunt,
407 586 456 620 vt
483 574 568 621 dici
596 592 685 621 non
720 575 873 639 possit.
910 575 1175 622 Multorum
1208 576 1344 622 etiam
1375 578 1614 624 sustantias
1648 578 1799 625 aufert
1828 581 1884 627 ad

256 647 370 694 filios
394 665 499 695 suos
528 649 752 696 ditandos.
789 650 1068 697 Castellanus
1103 651 1237 697 huius
1265 651 1459 698 ciuitatis
1491 668 1520 697 x
1550 665 1628 699 aut
1658 669 1727 699 xn
1764 654 1884 702 milia

255 739 498 769 aureorum
530 724 775 787 quotannis
805 725 1083 788 percipiebat
1111 742 1167 771 ex
1198 725 1438 784 mercibus,
1472 743 1587 790 quae
1619 726 1707 773 huc
1740 727 1884 776 intro-

256 797 566 856 mittebantur,
581 816 697 862 quae
712 798 767 845 ab
785 815 890 862 rege
910 797 1098 851 fuerunt
1116 798 1282 857 ablata,
1301 811 1345 845 et
1356 812 1596 863 propterea
1614 800 1661 846 in
1681 802 1881 849 maxima

252 883 360 918 sunt
398 873 709 920 controuersia
750 885 795 920 et
835 873 1124 930 dissensione;
1166 874 1227 919 ita
1266 885 1331 931 ut,
1372 874 1407 920 si
1453 874 1760 938 Portugalliae
1801 892 1881 923 rex

252 963 421 1009 magno
453 964 558 993 cum
592 948 795 995 exercitu
826 948 913 994 huc
946 948 1135 1005 ueniret,
1166 958 1318 994 toturn
1355 947 1449 994 fere
1492 938 1686 1012 regnum
1725 960 1882 996 contra

251 1019 400 1082 ipsum
429 1020 590 1067 Xarife
614 1039 740 1068 arma
762 1033 954 1085 caperet.
989 1022 1062 1068 Eo
1088 1034 1309 1086 tempore,
1336 1039 1429 1087 quo
1464 1040 1544 1069 rex
1575 1023 1882 1087 Portugalliae

249 1095 480 1142 ciuitatem
507 1096 786 1153 instaurauit,
814 1113 929 1161 quae
953 1096 1120 1144 dicitur
1142 1097 1351 1154 Alcazer,
1378 1097 1499 1144 idern
1524 1096 1686 1144 Xarife
1722 1111 1881 1160 50000

247 1170 490 1217 hominum
513 1183 672 1218 contra
698 1189 803 1218 eum
831 1171 964 1228 misit,
990 1171 1067 1235 qui
1093 1183 1251 1234 postea
1274 1172 1410 1218 huius
1433 1172 1657 1219 castellani
1677 1190 1817 1236 opera
1835 1185 1880 1219 et

247 1244 450 1302 consilio,
475 1258 718 1310 antequam
744 1263 905 1292 manus
927 1244 1207 1305 conferrent,
1229 1246 1393 1293 reuersi
1418 1258 1540 1295 sunt.
1567 1247 1697 1294 Idem
1722 1247 1879 1294 castel-

247 1317 376 1365 lanus
407 1320 718 1387 superioribus
751 1320 912 1367 diebus
948 1337 1092 1383 vsque
1123 1320 1178 1366 ad
1221 1331 1417 1367 mortem
1455 1337 1569 1384 pene
1602 1321 1878 1386 aegrotauit,

247 1409 366 1438 nunc
391 1393 652 1440 meliuscule
675 1411 720 1440 se
745 1393 901 1450 habet;
927 1410 1067 1439 annos
1092 1405 1159 1440 est
1184 1404 1316 1439 natus
1335 1394 1512 1441 circiter
1531 1395 1809 1459 octuaginta.

310 1467 364 1512 In
392 1468 605 1530 proximo
628 1468 913 1515 Nouembris
938 1485 1112 1526 mense,
1138 1480 1189 1515 ut
1213 1468 1398 1527 dicitur,
1425 1469 1587 1516 milites
1619 1469 1875 1533 imperabit,

247 1554 297 1589 vt
320 1559 396 1589 eos
422 1544 477 1590 ad
504 1560 771 1589 maurorum
795 1533 1028 1589 ciuitatem
1055 1543 1219 1600 mittat,
1246 1560 1362 1607 quae
1389 1544 1651 1591 Tremezen
1679 1544 1876 1607 appella-

245 1627 334 1674 tur,
360 1634 409 1663 ac
432 1634 576 1681 prope
601 1617 838 1680 Algeriam
863 1617 947 1663 sita
977 1628 1055 1663 est.
1092 1617 1187 1663 Alii
1220 1617 1379 1664 dicunt
1409 1634 1514 1664 cum
1545 1618 1642 1681 ipso
1673 1618 1872 1664 exercitu

245 1703 403 1738 contra
438 1709 592 1755 regem
633 1692 942 1755 Portugalliae
983 1702 1244 1738 venturum.
1288 1692 1518 1740 Dominus
1557 1693 1686 1739 Deus
1723 1704 1876 1739 noster

245 1783 330 1829 pro
354 1783 434 1812 sua
458 1766 632 1812 infinita
653 1767 957 1813 misericordia
983 1767 1245 1812 recordetur
1270 1778 1339 1812 tot
1362 1767 1560 1829 perditas
1585 1767 1755 1813 animas
1775 1778 1875 1813 tan-

245 1852 430 1904 tamque
456 1841 760 1899 afflictionem,
786 1858 923 1905 quam
951 1840 1058 1887 haec
1086 1840 1198 1886 bella
1217 1840 1470 1886 christianis
1494 1841 1584 1887 sint
1607 1840 1808 1888 allatura.

311 1916 423 1973 Vos,
447 1915 691 1962 charissimi
720 1916 765 1961 in
791 1915 975 1961 Christo
1001 1913 1175 1971 fratres,
1203 1915 1248 1960 in
1273 1915 1496 1961 sacrificiis
1519 1927 1564 1962 et
1593 1915 1875 1962 orationibus

245 1990 405 2035 uestris
430 1990 585 2036 Deum
612 2000 784 2053 rogate,
810 2000 862 2035 ut
887 2005 1042 2052 regem
1070 1988 1378 2052 Portugalliae
1397 1989 1441 2035 in
1463 1989 1569 2036 haec
1589 1989 1687 2036 loca
1706 1990 1874 2053 perdu-

243 2075 334 2122 cat3
362 2081 488 2128 spem
526 2065 647 2111 enim
681 2064 864 2127 concepi
898 2074 1041 2109 totam
1075 2062 1172 2120 sibi,
1199 2063 1301 2108 Deo
1337 2061 1536 2122 fauente,
1573 2063 1873 2110 barbarorum

246 2139 475 2185 nationem
509 2139 846 2197 subiecturum,
878 2154 1077 2202 quorum
1109 2137 1295 2201 quidem
1331 2138 1456 2202 regio
1492 2139 1723 2197 omnium,
1761 2155 1873 2203 quas

246 2229 332 2277 ego
359 2213 568 2272 viderim,
592 2213 935 2277 opulentissima
959 2222 1039 2268 est;
1064 2222 1110 2258 et
1133 2210 1342 2274 profecto
1369 2212 1517 2258 nescio
1541 2230 1621 2259 cur
1646 2229 1738 2258 non
1758 2213 1871 2259 hanc

245 2287 399 2350 potius
424 2305 561 2352 quam
589 2287 719 2333 aliam
755 2297 944 2350 quaerat
976 2285 1171 2344 Indiam,
1201 2302 1306 2332 cum
1338 2287 1601 2349 praesertim
1633 2287 1704 2333 hic
1734 2287 1870 2333 etiam

245 2364 447 2408 maxima
470 2362 527 2409 sit
550 2363 646 2408 auri
671 2364 814 2425 copia,
840 2361 966 2425 quod
999 2360 1115 2406 inter
1149 2377 1329 2406 arenam
1362 2361 1590 2424 quandam
1622 2360 1869 2419 inuenitur,
1908 2359 1910 2361 ’

245 2453 360 2500 quae
384 2438 441 2484 de
466 2448 645 2483 turante
670 2436 938 2500 appellatur.
965 2435 1034 2481 Ita
1059 2435 1242 2498 insuper
1268 2435 1471 2482 abundat
1494 2434 1741 2492 frumento,
1761 2435 1871 2482 vino

245 2523 290 2557 et
313 2511 427 2568 ole0,
448 2523 500 2559 vt
523 2511 616 2575 agri
641 2511 788 2557 solum
811 2511 1016 2573 Tanger,
1037 2510 1098 2555 ita
1120 2510 1274 2555 omnia
1295 2509 1477 2556 Africae
1502 2521 1546 2556 et
1571 2510 1871 2574 Portugalliae

246 2585 428 2632 abunde
447 2586 754 2649 suppeditant,
775 2585 960 2631 rubium
980 2583 1101 2630 enim
1122 2583 1337 2630 tritici-Lx
1361 2585 1574 2632 reddunt.
1594 2584 1646 2629 In
1667 2584 1749 2630 alia
1761 2584 1870 2630 ciui-

247 2671 351 2716 tate,
383 2677 497 2723 quae
531 2661 695 2707 dicitur
727 2659 895 2716 Bellez,
931 2674 1095 2721 magna
1125 2670 1232 2704 sunt
1272 2656 1379 2705 ferri
1417 2657 1612 2715 fodinae,
1648 2658 1870 2722 multique

247 2733 428 2779 arbores
451 2735 506 2780 ad
533 2751 669 2781 naues
692 2732 1009 2790 conficiendas,
1036 2732 1095 2777 ita
1121 2743 1172 2777 ut
1198 2731 1267 2778 hic
1288 2731 1448 2778 Xarife
1473 2749 1685 2796 magnam
1707 2733 1871 2780 habeat

204 2849 208 2853 .
248 2806 509 2855 facultatem
551 2809 772 2856 damnum
815 2806 1039 2853 inferendi
1077 2805 1291 2852 omnibus
1330 2806 1538 2870 Algrauii
1579 2818 1624 2853 et
1662 2806 1869 2853 Castiliae

247 2882 367 2938 locis;
395 2883 505 2929 mari
532 2894 683 2930 autem
717 2881 844 2928 facile
875 2897 1035 2927 omnes
1064 2879 1331 2927 christianos
1362 2881 1568 2944 persequi
1599 2892 1761 2944 potest,
1791 2881 1869 2927 tri-

248 2956 333 3002 bus
357 2958 478 3003 enim
503 2969 582 3004 aut
609 2976 641 3017 4
681 2956 944 3003 triremibus
979 2970 1145 3018 magna
1183 2955 1428 3019 aliquando
1466 2955 1522 3001 ab
1561 2972 1616 3002 eo
1656 2954 1773 3002 facta
1803 2966 1870 3002 est

247 3031 407 3090 clades,
434 3033 559 3095 quod
584 3032 617 3079 si
643 3043 825 3078 centum
852 3030 1038 3076 haberet
1062 3028 1286 3088 triremes,
1311 3046 1447 3093 quae,
1477 3029 1513 3075 si
1546 3029 1759 3088 uoluerit,
1785 3029 1870 3076 mi-

251 3106 371 3152 nime
395 3107 601 3166 deerunt,
626 3117 798 3171 quanto
830 3105 973 3151 maius
1005 3102 1263 3150 succederet
1293 3103 1641 3152 detrimentum:
1673 3103 1869 3173 maxime
