2066 3516
768 289 818 328 26
848 288 1034 342 JANUARn
1070 289 1170 340 1556
1658 287 1730 340 1'73

154 395 344 444 Diffiere
367 395 410 443 la
434 395 745 443 consacrasion
769 396 826 443 de
850 413 903 443 su
932 396 1170 461 obispado,
1195 412 1304 460 para
1332 412 1414 443 ver
1438 394 1483 442 lo
1507 411 1596 460 que
1624 394 1663 442 le
1687 397 1787 443 sara

124 517 132 524 ,
155 470 384 518 mandado
407 469 479 518 del
505 470 555 518 P.
583 470 803 534 anatio‚
835 471 1050 518 diziendo
1075 488 1184 535 que,
1217 470 1262 517 ni
1293 470 1448 535 quiere
1478 468 1716 534 obispado,
1742 470 1787 517 ni

155 545 309 610 quiere
334 545 465 604 nada,
490 545 589 592 sino
613 545 755 592 servir
779 547 805 592 a
830 546 894 593 N.
917 546 957 592 S.
975 562 1031 592 en
1051 545 1090 591 la
1109 545 1381 609 Compafiia.
1405 545 1462 591 V.
1488 544 1546 591 R.
1568 561 1650 591 nos
1667 544 1788 592 avise

155 637 242 684 por
266 631 395 684 posta
421 620 556 685 luego
579 620 714 680 dello,
740 637 917 685 porque
944 637 1004 667 no
1028 620 1138 667 hara
1153 631 1272 668 otro,
1293 620 1367 666 De
1388 619 1447 666 V.
1476 619 1534 666 R.
1561 619 1709 666 siet-vo
1731 636 1786 667 en

155 694 286 758 Xpo.
313 694 443 756 Jesu,

174 782 177 785 ·
1311 768 1590 828 MENDocA.

223 885 370 928 Manu
387 882 590 944 propria.
619 881 758 927 Rmo.
787 879 937 927 Padre
962 889 1167 926 nuestro:
1195 879 1272 926 Yo
1298 895 1358 925 no
1385 889 1525 942 tengo
1544 879 1635 936 que
1659 879 1788 926 dezir

155 957 252 1002 mas
275 955 332 1002 de
356 955 399 1001 lo
424 971 512 1019 que
536 954 575 1001 el
604 954 657 1002 P.
684 953 946 1002 Christobal
970 954 1027 1001 de
1051 953 1290 1012 Mendoqa
1314 969 1468 999 screue
1491 955 1517 1000 a
1542 953 1600 1000 V.
1633 954 1691 1000 R.
1728 953 1783 1000 P.

151 1029 408 1076 Solamente
436 1030 474 1076 le
498 1029 672 1093 suplico
696 1047 741 1076 se
762 1027 958 1075 informe
978 1028 1051 1075 del
1074 1028 1125 1074 P.
1150 1028 1298 1074 Mtro.
1322 1027 1520 1085 Lainez,
1537 1044 1626 1091 que
1646 1045 1692 1074 es
1711 1039 1788 1074 tan

154 1103 215 1148 mi
242 1107 375 1149 sefior
400 1103 458 1148 ha
482 1113 636 1149 tantos
660 1106 783 1159 arios,
802 1119 833 1164 y
847 1118 908 1164 yo
927 1100 1156 1147 demando
1177 1110 1270 1147 este
1289 1098 1434 1157 favor,
1461 1117 1550 1163 que
1575 1117 1647 1147 me
1667 1117 1789 1147 acce-

152 1187 228 1222 ten
252 1194 308 1223 en
332 1193 385 1222 su
411 1175 670 1240 Compafiia
696 1193 784 1240 por
807 1175 1050 1232 charidad,
1070 1192 1181 1239 pues
1200 1175 1312 1222 todo
1332 1174 1370 1221 el
1391 1174 1567 1222 mundo
1587 1192 1633 1221 es
1657 1174 1787 1221 bani-

154 1261 241 1309 tas,
266 1261 348 1297 etc.
378 1251 423 1296 Y
447 1251 512 1299 N.
539 1251 581 1299 S.
607 1267 680 1298 sea
702 1267 788 1297 con
813 1250 962 1297 todos.
990 1249 1164 1296 Amen.
1191 1249 1263 1296 En
1283 1249 1488 1313 Napoles
1516 1249 1573 1296 26
1598 1249 1656 1297 de
1683 1249 1789 1296 He-

153 1342 262 1372 nero
294 1325 427 1388 1556.
453 1324 567 1372 Besa
591 1325 654 1372 las
679 1342 838 1391 manos
869 1326 895 1372 Ξ.
918 1324 979 1372 V.
1010 1325 1146 1373 Rma.
1174 1324 1224 1372 P.
1251 1342 1303 1371 su
1328 1325 1438 1389 hijo,

988 1417 1188 1464 ALoNso
1226 1434 1286 1464 DE
1322 1418 1536 1464 SAMANO
1559 1416 1590 1465 ¹.

215 1526 466 1590 Inscriptio:
493 1528 526 1589 -1-
551 1527 653 1588 Jhs.
678 1526 737 1572 A}
766 1526 905 1575 Rmo.
931 1527 1079 1574 Padre
1098 1537 1298 1585 nuestro,
1319 1527 1358 1574 el
1387 1528 1442 1574 P.
1468 1527 1665 1591 Ignatio,
1685 1543 1787 1591 pre-

150 1601 301 1665 posito
327 1601 508 1666 general
532 1602 588 1648 de
614 1601 654 1648 la
679 1601 924 1666 Conpafiia
949 1601 1005 1649 de
1031 1602 1134 1663 Jhs‚
1158 1613 1244 1652 ete.
1275 1602 1349 1650 En
1375 1602 1549 1651 Roma.

217 1672 325 1724 Alia
348 1694 496 1725 manu:
527 1677 623 1726 R.ta
648 1676 719 1724 alli
744 1691 808 1738 30
832 1677 906 1725 del
931 1677 1198 1725 medesimo.

205 1863 219 1889 ¹
275 1864 482 1910 POLANCO,
504 1866 529 1901 t.
550 1872 608 1910 VI,
630 1874 717 1910 pag.
745 1871 839 1912 245,
865 1874 900 1901 n.
924 1863 1020 1911 936,
1046 1873 1122 1912 937
1146 1863 1284 1900 litteris
1308 1863 1405 1900 haec
1430 1864 1639 1902 mandavit:
1667 1863 1786 1902 «Erat

151 1927 314 1974 Neapoli
335 1928 392 1964 vir
413 1927 570 1974 quidam
591 1926 777 1963 Societati
804 1926 1074 1972 amicissimus,
1097 1926 1251 1962 nomine
1275 1926 1496 1973 Alphonsus
1522 1927 1568 1963 de
1597 1927 1784 1975 Samano,

155 1990 220 2037 qui
241 1990 385 2027 electus
403 1989 527 2026 fuerat
541 1989 755 2036 Episcopus
771 1989 976 2036 Caprensis
992 1993 1028 2026 et
1039 1991 1120 2037 jam
1136 1989 1300 2027 Litteras
1316 1990 1564 2037 Apostolicas
1581 1991 1784 2038 expeditas

153 2053 319 2090 habebat
339 2056 380 2089 ut
400 2056 701 2090 consecraretur.
722 2052 790 2090 Ille
807 2053 878 2103 sub
899 2052 1014 2088 finem
1030 2052 1216 2099 Januarii,
1240 2054 1288 2089 ad
1304 2053 1505 2090 Rectorem
1521 2054 1643 2090 nostri
1662 2054 1787 2091 Colle-

153 2116 206 2163 gii
225 2117 430 2162 accedens,
452 2115 688 2162 significavit
714 2115 747 2151 ei
779 2115 895 2151 animi
916 2115 975 2152 sui
995 2115 1314 2152 deliberationem
1334 2120 1424 2163 post
1451 2117 1626 2153 crebram
1648 2120 1685 2153 et
1706 2117 1788 2153 diu-

153 2183 305 2215 turnam
325 2179 600 2225 cogitationem
621 2179 667 2215 de
696 2178 889 2216 Societate
910 2182 1042 2215 nostra
1066 2179 1245 2215 adeunda
1266 2183 1303 2215 et
1322 2179 1406 2216 Deo
1436 2179 1475 2215 in
1497 2190 1542 2216 ea
1569 2180 1783 2218 serviendo.

153 2241 200 2278 Et
219 2253 278 2278 res
297 2242 502 2279 videbatur
524 2252 686 2288 magnae
707 2241 986 2278 aedificationis
1007 2242 1170 2288 Neapoli
1199 2241 1342 2289 futura,
1364 2243 1428 2279 ubi
1451 2243 1650 2279 hominem
1671 2253 1787 2279 nove-

154 2308 240 2341 rant
268 2305 420 2351 plurimi
451 2308 488 2341 et
519 2309 753 2341 amaverant.
778 2305 849 2341 Vir
878 2308 960 2340 erat
989 2304 1132 2350 alioqui
1158 2305 1327 2351 prudens
1359 2308 1395 2341 et
1428 2305 1467 2342 in
1496 2306 1788 2342 humanioribus

152 2367 290 2404 litteris
316 2367 507 2414 eruditus,
531 2368 599 2404 sed
626 2370 800 2414 podagra
820 2367 997 2404 nonnihil
1024 2367 1238 2410 laborabat.
1265 2367 1320 2404 Ea
1341 2368 1387 2404 de
1422 2379 1461 2405 re
1489 2372 1571 2404 tum
1599 2369 1681 2415 ipse
1707 2372 1788 2405 tum

158 2427 299 2482 [rector
318 2428 488 2481 collegii]
508 2431 547 2468 P.
575 2430 725 2477 Ignatio
752 2431 998 2477 scripserunt.
1026 2430 1104 2467 Sed
1130 2430 1169 2467 P.
1191 2431 1363 2477 Ignatius
1391 2432 1586 2478 quaedam
1615 2432 1788 2468 conside-

153 2495 274 2531 randa
295 2505 378 2531 esse
398 2494 612 2541 rescripsit,
634 2498 671 2531 et
690 2494 743 2531 ita
765 2494 942 2530 effectum
963 2496 1038 2539 est,
1059 2498 1102 2530 ut
1121 2493 1195 2530 hoc
1222 2494 1339 2530 animi
1364 2495 1422 2531 sui
1452 2495 1694 2542 propositum
1722 2495 1786 2531 ille

155 2557 291 2604 exequi
317 2567 394 2593 non
420 2556 846 2605 potuerim—Quibus
871 2556 1027 2593 Polanci
1054 2556 1185 2593 verbis
1210 2556 1268 2603 id,
1291 2554 1411 2604 ibid„
1432 2562 1563 2596 annot.
1588 2566 1628 2606 5,
1650 2557 1788 2605 adjeci-

154 2630 251 2658 mus:
275 2619 383 2657 ‹Non
408 2620 581 2667 podagra
606 2623 776 2664 tantum,
797 2620 866 2657 sed
885 2620 963 2656 alio
990 2619 1158 2666 quodam
1184 2619 1462 2666 impedimento
1491 2621 1695 2657 laborabat
1721 2620 1788 2657 Sa-

154 2692 278 2719 mano.
311 2681 390 2718 ‹De
416 2681 571 2719 Savano
591 2679 687 2732 (sic)
715 2693 765 2719 no
792 2693 832 2719 es
858 2686 1048 2719 menester
1074 2682 1221 2729 hablar,
1241 2693 1389 2730 porque
1418 2683 1551 2720 hemos
1579 2683 1787 2720 entendido

155 2755 228 2791 que
247 2744 348 2780 tiene
368 2745 643 2791 impedimento
665 2745 849 2791 esencial;
870 2757 896 2793 y
915 2756 986 2792 por
1006 2749 1188 2791 ventura,
1210 2745 1510 2783 entendiendolo
1531 2745 1577 2793 el,
1601 2746 1650 2782 ha
1669 2746 1788 2783 desis-

156 2806 236 2843 tido
262 2807 308 2843 de
332 2807 467 2844 hablar
494 2818 541 2843 en
566 2807 678 2845 ello.»
703 2808 909 2854 Polancus,
937 2819 992 2846 ex
1020 2818 1123 2846 com.
1151 2808 1305 2845 Rectori
1334 2809 1498 2855 Collegii
1524 2809 1784 2857 Neapolitani,

156 2869 214 2916 3.“
234 2869 640 2916 Maji.›-Caeterum
667 2870 731 2906 hic
755 2871 829 2917 vir,
858 2881 971 2918 quem
997 2870 1138 2917 GAMS,
1165 2868 1310 2909 Series
1335 2869 1645 2922 episcoporum,
1672 2876 1787 2909 vocat

157 2931 345 2979 Somario,
365 2933 551 2980 Ughellus
571 2937 698 2970 autem
719 2933 947 2980 Somerium,
969 2934 1019 2970 ab
1040 2934 1114 2971 hoc
1134 2934 1271 2971 ultimo
1293 2935 1349 2971 sic
1370 2935 1561 2973 laudatur:
1594 2935 1788 2983 ‹Alphon-

157 3004 223 3031 sus
247 2994 463 3042 Somarius,
490 2995 705 3042 Hispanus,
727 2995 898 3033 Clericus
928 2996 1248 3043 Calaguritanus,
1273 2997 1334 3033 die
1365 2997 1411 3034 16
1439 2997 1663 3035 Decembris
1686 3006 1785 3046 1555

159 3055 387 3102 Capritanus
408 3058 533 3094 evasit
553 3057 778 3105 Episcopus.
809 3059 959 3096 Novem
986 3059 1095 3096 annis
1124 3059 1224 3096 hanc
1249 3060 1347 3097 rexit
1372 3060 1604 3108 Ecclesiam,
1626 3071 1786 3107 eamque

157 3118 276 3155 libere
297 3120 423 3167 cessit,
446 3131 532 3157 cum
552 3121 664 3158 titulo
685 3124 722 3158 et
749 3122 1064 3160 denominatione
1085 3122 1267 3171 Episcopi
1289 3123 1525 3171 Capritani.»
1546 3125 1785 3170 UGHELLUS,

159 3177 293 3220 Italia
310 3191 450 3231 sacra,
470 3186 496 3220 t.
516 3191 590 3231 VII,
611 3184 685 3223 col.
709 3183 797 3232 265,
817 3195 853 3223 n.
879 3185 942 3223 28.
