2040 3528
345 318 395 369 36
810 317 1049 369 prs‘rOLAE
1078 317 1325 357 Mane—1
1333 330 1412 371 050

291 441 373 488 per
404 423 565 470 ordine
597 423 643 469 di
668 422 729 471 V.
757 422 835 482 R„
860 440 885 469 e
917 422 958 469 la
988 423 1161 470 matina
1190 437 1409 488 seguente
1433 426 1655 490 partirno.
1687 426 1752 473 Di
1780 427 1840 476 V.
1867 428 1929 476 R.

291 515 424 545 seruo
450 497 495 543 in
522 496 618 554 X.⁰,

1239 563 1524 612 FRANCEsco
1562 566 1778 616 PALM10.

1036 722 1181 756 1⁰5⁰

696 808 891 845 PETRUS
920 807 1160 845 ALVAREZ
1189 807 1259 845 DE
1286 808 1517 847 PAREDES

531 903 1672 916 ················································

764 972 979 1000 OLISIPONE
1005 973 1052 1011 19
1074 972 1272 999 OCTOBRIS
1296 974 1395 1012 1555
1421 961 1446 1001 ¹.

402 1053 544 1089 Sacrae
571 1052 849 1099 olisiponensis
877 1053 1139 1099 inquisitionis
1164 1052 1386 1090 testificatio
1413 1053 1460 1089 de
1487 1053 1682 1090 Societate
1706 1054 1809 1092 Jesu.

1086 1141 1118 1194 72

352 1213 407 1259 H
414 1229 520 1259 uma
538 1229 677 1276 pesoa
697 1223 916 1260 tememte
931 1230 956 1259 a
971 1213 1113 1271 DeOS,
1133 1229 1236 1259 com
1256 1225 1417 1274 muyta
1432 1213 1679 1259 imstamtia
1700 1231 1772 1260 me
1786 1214 1926 1278 pediu

284 1304 374 1352 que
399 1287 543 1333 disese
566 1305 596 1334 o
620 1304 710 1351 que
734 1304 809 1334 me
832 1287 1011 1351 parecia
1041 1303 1198 1348 acerca
1224 1287 1308 1334 dos
1341 1287 1511 1334 Padres
1542 1288 1600 1334 da
1634 1287 1941 1352 Companhia'

334 1434 348 1460 ¹
407 1436 463 1472 Ex
479 1440 728 1472 monumento
743 1446 889 1472 coaevo
903 1436 942 1472 in
956 1437 1032 1473 vol.
1048 1435 1092 1481 F,
1107 1435 1252 1481 duplici
1270 1435 1377 1481 folio,
1391 1447 1428 1472 n.
1447 1446 1534 1483 139,
1552 1436 1658 1482 prius
1672 1437 1761 1482 620,
1781 1437 1926 1475 621.—

282 1498 324 1535 In
345 1499 484 1535 litteris
499 1499 626 1535 Patris
641 1499 784 1542 Miron,
799 1510 824 1544 4
837 1498 930 1546 Maji
952 1510 966 1534 1
977 1507 1050 1546 555
1067 1499 1180 1544 datis,
1194 1509 1290 1544 quas
1304 1509 1420 1544 supra
1433 1499 1638 1545 edidimus,
1652 1496 1788 1550 Epist.
1804 1497 1927 1537 Mix-

281 1565 361 1608 tae,
382 1566 406 1598 t.
430 1571 488 1607 IV,
511 1573 598 1608 pag.
621 1561 812 1607 641-646,
833 1561 986 1607 Ignatio
1009 1562 1090 1607 ipse
1111 1561 1317 1607 scribebat,
1339 1558 1454 1607 ibid„
1470 1572 1558 1607 pag.
1575 1562 1665 1609 645:
1689 1562 1868 1610 «Quanto
1889 1563 1925 1599 al

279 1625 436 1660 decreto
457 1625 503 1660 cle
523 1622 648 1670 Paris,
665 1624 778 1660 hasta
799 1634 917 1670 agora
933 1633 984 1659 no
1005 1627 1121 1669 tengo
1139 1623 1309 1659 hablado
1326 1634 1400 1659 con
1416 1623 1451 1659 el
1471 1634 1549 1670 rey:
1566 1623 1769 1672 pareceme
1791 1635 1865 1671 que
1886 1626 1924 1661 lo

280 1699 302 1723 a
322 1688 369 1722 de
390 1687 506 1723 hazer
526 1697 619 1734 muy
638 1686 768 1724 bien...
791 1685 848 1722 En
872 1690 954 1722 esto
974 1685 1094 1732 porne
1114 1686 1255 1721 mucha
1272 1685 1491 1731 diligentia,
1508 1689 1618 1722 antes
1639 1697 1712 1732 que
1733 1697 1794 1722 me
1814 1692 1926 1733 parta

283 1760 378 1796 para
400 1749 593 1795 Coimbra,
614 1760 640 1795 y
662 1760 703 1785 se
724 1745 819 1785 hara
846 1750 939 1785 todo
966 1749 1004 1784 10
1031 1759 1104 1794 que
1123 1748 1171 1784 V.
1194 1748 1232 1785 P.
1262 1749 1441 1784 manda».
1469 1747 1517 1784 Et
1541 1759 1672 1785 rursus
1699 1749 1738 1784 in
1759 1749 1925 1795 epistola

281 1820 370 1860 5-25
395 1811 575 1858 Augusti,
597 1808 712 1857 ibid„
734 1822 827 1857 pag.
850 1811 940 1858 778,
963 1811 1102 1858 aJebat:
1126 1811 1205 1847 «La
1225 1815 1330 1847 carta
1351 1811 1414 1847 del
1433 1821 1502 1858 rey
1521 1821 1614 1857 para
1635 1812 1671 1847 el
1690 1822 1792 1858 papa
1812 1813 1924 1848 sobre

283 1876 341 1911 los
362 1874 606 1910 testimonios
627 1884 700 1920 que
722 1874 811 1919 pide
831 1873 880 1909 V.
901 1873 955 1920 P.,
976 1872 1167 1920 trabajare
1195 1884 1269 1920 que
1287 1883 1390 1920 vaya
1410 1883 1484 1909 con
1505 1878 1598 1919 esta,
1620 1883 1692 1909 con
1713 1884 1789 1909 una
1810 1874 1924 1920 copia

280 1936 503 1974 della».—J
508 1947 582 1981 am,
599 1935 638 1973 Ρ.
657 1936 834 1982 TELLES,
856 1933 1071 1974 Chronica
1081 1933 1140 1972 da
1155 1932 1420 1985 Companhz'a
1433 1932 1486 1972 de
1497 1932 1606 1981 Iesu,
1619 1939 1700 1982 t..11,
1717 1946 1807 1982 pag.
1823 1944 1868 1983 57
1881 1948 1924 1972 1-

283 2000 372 2047 581,
394 1999 466 2034 tria
488 1999 610 2044 affert,
633 1999 680 2034 ad
703 2009 781 2034 rem
802 1999 1030 2044 spectantia,
1053 2003 1313 2043 monumenta,
1336 1998 1477 2044 quibus
1497 1998 1654 2034 lusitani
1676 1998 1922 2044 splendidum

278 2065 325 2098 de
347 2062 542 2097 Societate
571 2066 704 2097 nostra
725 2061 915 2109 judicium
944 2061 1082 2098 ferunt:
1114 2073 1146 2097 1.
1179 2061 1318 2098 «Carta
1344 2071 1418 2107 que
1445 2060 1564 2107 elRey
1589 2060 1635 2097 D.
1655 2057 1761 2096 Ioam
1783 2071 1806 2096 0
1826 2061 1923 2097 Ter-

278 2135 394 2171 eeyro
416 2135 597 2160 escreveo
622 2135 668 2160 ao
689 2124 809 2170 Bispo
831 2123 964 2160 Conde
984 2123 1085 2160 Dom
1105 2125 1212 2161 Ioam
1232 2123 1389 2170 Soarez,
1414 2123 1648 2169 pedindolhe
1668 2123 1921 2160 informacam

278 2189 329 2223 da
350 2187 603 2233 Companhia,
633 2190 711 2224 et...
738 2190 894 2233 reposta
921 2187 970 2222 do
996 2186 1115 2232 Bispo
1141 2187 1253 2222 sobre
1279 2196 1303 2222 o
1329 2196 1447 2222 nosso
1475 2187 1590 2222 modo
1617 2186 1664 2222 de
1691 2187 1918 2232 proceder».

282 2250 390 2298 Quae
412 2251 584 2296 episcopi
604 2250 807 2296 responsio
829 2249 1098 2286 Conimbricae
1120 2250 1211 2286 data
1232 2253 1290 2286 est
1311 2250 1358 2286 16
1378 2249 1558 2295 Augusti.
1581 2260 1614 2286 2.
1641 2248 1920 2286 «Informacam

279 2324 353 2360 que
376 2314 448 2349 deo
471 2325 492 2348 a
511 2313 796 2350 Vniversidade
827 2313 874 2348 de
902 2313 1087 2349 Coimbra
1113 2323 1159 2349 ao
1188 2324 1260 2359 que
1288 2313 1405 2360 elRey
1431 2313 1531 2349 Dom
1557 2313 1662 2349 Iossam
1689 2313 1724 2349 le
1751 2314 1919 2350 mandou

277 2381 489 2422 perguntar
510 2387 531 2411 a
552 2387 663 2412 cerea
683 2377 733 2411 da
754 2376 1036 2422 Companhia».
1053 2387 1090 2422 3.
1110 2376 1387 2412 «Testimunbo
1409 2377 1455 2411 de
1476 2376 1642 2422 sagrado
1662 2375 1848 2412 Tribunal
1869 2377 1918 2412 do

278 2439 318 2475 S.
342 2439 493 2485 Officio,
515 2439 707 2475 residente
729 2449 789 2475 em
810 2438 993 2475 Lisboa».
1021 2439 1106 2475 Hoc
1130 2443 1380 2485 postremum,
1402 2440 1493 2486 quia
1520 2439 1695 2475 nonnihil
1721 2439 1850 2475 differt
1870 2441 1918 2475 ab

279 2511 337 2546 eo,
361 2503 464 2547 quod
484 2501 642 2537 tradidit
663 2501 804 2547 Telles,
827 2502 1017 2537 edendum
1047 2501 1280 2548 censuimus,
1309 2502 1421 2547 quale
1441 2511 1560 2547 penes
1581 2510 1652 2536 nos
1673 2505 1741 2546 est,
1763 2506 1918 2538 servata

276 2564 394 2599 etiam
416 2563 607 2598 scribendi
628 2563 790 2609 ratione,
813 2574 911 2609 quae
932 2564 970 2599 in
992 2567 1242 2599 monumento
1272 2573 1417 2599 coaevo
1438 2567 1608 2609 apparet,
1630 2566 1695 2598 aut
1716 2563 1915 2600 admonito

278 2627 434 2672 lectore,
456 2626 487 2662 si
511 2627 666 2672 quando
689 2627 898 2672 quicquam
920 2616 1125 2662 mutamus.
1150 2625 1243 2662 Dies
1263 2625 1485 2671 scriptionis
1503 2635 1580 2661 non
1601 2626 1818 2672 apponitur,
1840 2626 1914 2663 nisi

282 2700 305 2725 a
325 2694 446 2735 tergo,
469 2691 516 2725 ab
538 2690 671 2736 ignota
690 2700 822 2736 manu,
848 2700 894 2736 19
917 2679 1109 2726 Octobris:
1125 2689 1227 2724 hunc
1241 2688 1480 2734 retinuimus3
1497 2689 1651 2724 tametsi
1673 2699 1719 2724 ex
1739 2689 1798 2734 iis,
1815 2699 1914 2736 quae

277 2751 406 2787 Miron
429 2751 595 2797 scripsit,
618 2751 790 2787 nascitur
818 2751 989 2797 suspicio
1016 2761 1094 2787 non
1121 2761 1166 2787 eo
1193 2751 1267 2796 die,
1295 2751 1363 2786 sed
1389 2750 1507 2796 prius,
1529 2755 1819 2787 monumentum
1840 2751 1915 2787 hoc

278 2813 395 2849 fuisse
419 2814 855 2851 exaratum—cuinam
878 2818 1004 2850 autem
1026 2815 1109 2850 viro
1130 2814 1168 2849 id
1189 2814 1350 2849 missum
1366 2812 1492 2859 fuerit,
1511 2813 1550 2849 in
1567 2814 1652 2859 ipso
1668 2824 1745 2850 non
1761 2814 1911 2860 dicitur;

273 2880 315 2912 at
331 2876 470 2911 dicitur
484 2887 506 2912 a
517 2876 693 2922 TELLES,
710 2874 737 2913 l.
754 2888 800 2922 c.,
818 2887 907 2922 pag.
927 2886 1017 2924 579:
1037 2876 1112 2913 «Se
1129 2877 1201 2912 deo
1218 2886 1289 2922 por
1303 2875 1506 2922 satisfeyto
1522 2886 1545 2912 0
1561 2876 1912 2912 christiannissimo

272 2939 359 2976 zelo
379 2939 524 2986 delRey
544 2939 591 2975 D.
612 2940 719 2976 Ioam
741 2949 813 2975 con
833 2944 934 2975 estes
956 2943 992 2975 et
1013 2943 1148 2975 outros
1167 2948 1305 2985 graves
1328 2938 1585 2975 testimunhos
1606 2940 1677 2975 dos
1697 2938 1912 2975 Tribunaes

273 3003 322 3038 de
343 3005 426 3038 mor
445 3001 700 3037 authoridade
722 3012 783 3037 em
814 3012 902 3037 seus
928 3001 1093 3048 Reynos,
1124 3001 1383 3038 confirmados
1403 3012 1476 3037 con
1496 3013 1519 3037 a
1539 3005 1672 3048 muyta
1693 3002 1764 3038 dos
1783 3001 1909 3037 Prela-

271 3066 355 3110 dos,
382 3075 455 3111 que
482 3075 532 3100 na
558 3064 721 3101 materia
748 3064 966 3110 consultou,
995 3065 1163 3100 mandou
1191 3075 1214 3100 a
1240 3075 1308 3100 seu
1336 3063 1620 3112 Embayxador,
1641 3064 1832 3100 residente
1859 3073 1932 3116 na·

269 3128 386 3166 Corte
405 3127 630 3174 Romana,...
652 3138 725 3174 que
747 3128 840 3163 tudo
862 3131 1082 3173 entregasse
1104 3138 1126 3162 a
1147 3137 1263 3163 nosso
1289 3127 1460 3173 glorioso
1487 3127 1609 3163 Padre
1630 3126 1774 3163 Sancto
1794 3126 1911 3172 Igna-

271 3192 344 3238 cio,
367 3191 601 3228 escrevendo
617 3191 860 3238 Juntamente
885 3200 932 3227 ao
953 3190 1112 3227 Summo
1132 3190 1382 3227 Pontifice...»
