2008 3510
296 299 373 337 504
760 286 997 325 EplsTOLAE
1026 287 1250 326 M1xTAE—
1259 300 1273 326 1
1283 299 1358 338 207
1393 295 1396 298 ’

246 407 300 454 17
328 391 606 455 Septembris
629 408 686 437 ex
709 392 1028 439 commissione
1046 393 1199 439 vicarii
1220 393 1453 456 generalis,
1479 393 1523 438 in
1549 392 1716 456 quibus
1735 393 1795 450 R.
1814 394 1873 441 V.

239 468 393 513 scribit
433 467 671 531 quomodo
708 466 852 512 nullas
883 484 907 512 a
938 467 1068 514 nobis
1101 468 1161 514 R.
1193 467 1251 514 V.
1284 467 1432 514 literas
1464 466 1634 529 recepit
1663 484 1688 512 a
1721 483 1874 515 mense

239 541 373 587 Maio
406 558 548 604 vsque
578 541 734 589 modo.
771 541 845 586 De
869 557 963 604 quo
993 541 1244 604 plurimum
1277 541 1518 598 miramur-3
1550 557 1654 586 nam
1686 541 1875 605 singulis

238 616 471 662 mensibus
509 633 690 678 semper
726 616 929 661 Romam
962 616 1245 679 scripsimus,
1278 616 1445 682 partim
1479 632 1560 678 per
1595 615 1875 662 louanienses

237 688 411 746 fratres,
437 689 603 752 partim
631 706 713 751 per
737 688 860 744 alios,
879 688 1015 734 etiam
1037 706 1119 751 per
1137 700 1336 752 quatuor
1356 688 1454 734 illos
1472 686 1738 746 confratres,
1759 705 1875 752 quos

237 764 280 809 in
309 766 528 827 Augusto
557 765 762 809 Romam
788 763 1008 821 misimUS,
1029 765 1086 809 de
1106 763 1274 827 quibus
1300 763 1409 809 nihil
1429 763 1576 809 adhuc
1597 763 1873 821 audiuimus,

236 839 474 901 quomodo
509 855 614 883 cum
647 838 707 883 eis
746 837 790 883 in
823 837 980 882 itinere
1011 837 1293 894 successerit,
1326 854 1381 882 an
1416 837 1618 882 Romam
1655 853 1874 899 peruene-

236 914 327 958 rint
349 912 373 958 ¹.
402 912 546 975 Spero
574 913 632 958 R.
663 913 721 958 V.
751 912 892 958 modo
918 923 1093 958 nostras
1118 913 1265 958 literas
1289 911 1519 973 recepisse.

302 986 475 1031 Omnia
500 986 734 1044 Coloniae,
762 986 854 1031 laus
879 986 997 1044 Deo,
1022 985 1210 1032 feliciter
1238 986 1499 1031 succedunt.
1536 985 1606 1031 M
1637 985 1873 1045 Henricus

234 1059 469 1104 Dionisius
493 1071 537 1105 et
565 1060 638 1105 M.
665 1059 900 1119 Johannes
928 1060 1056 1105 Redt
1086 1059 1324 1111 dominicis
1356 1058 1517 1104 diebus
1541 1070 1586 1103 et
1616 1056 1739 1103 festis
1764 1074 1873 1103 con-

234 1134 488 1180 cionantur.
520 1133 590 1179 M.
620 1133 872 1190 Henricus,
899 1134 986 1179 iam
1013 1133 1270 1197 theologiae
1295 1132 1616 1189 baccalaurius,
1651 1132 1696 1177 in
1721 1131 1874 1178 schola

234 1206 558 1269 theologorum
604 1207 827 1270 praelegit
877 1208 1160 1270 psalterium.
1209 1207 1283 1254 M.
1328 1207 1592 1253 Franciscus
1641 1207 1872 1263 Costerus‚

233 1282 369 1327 etiam
391 1281 712 1340 baccalauriUS,
738 1282 826 1327 iam
853 1282 1001 1327 finiuit
1027 1281 1243 1343 spheram
1268 1282 1324 1328 de
1357 1282 1492 1327 Sacro
1516 1281 1660 1326 Busto
1680 1279 1707 1326 ².
1737 1280 1872 1326 Breui

234 1356 430 1401 lecturus
470 1367 538 1401 est
577 1356 779 1418 primum
831 1357 998 1402 librum
1043 1356 1228 1419 Moysi,
1275 1357 1622 1420 quamprimum
1665 1366 1873 1417 parentes

233 1430 448 1486 inuiserit,
475 1431 530 1476 ad
556 1447 672 1493 quos
697 1431 838 1476 modo
856 1429 1089 1493 profectus
1113 1442 1195 1477 est.
1215 1430 1292 1476 Ab
1312 1448 1366 1476 eo
1389 1430 1511 1476 enim
1536 1441 1759 1492 tempore,
1778 1445 1872 1492 quo

233 1521 278 1548 se
303 1503 510 1549 Societati
537 1504 679 1560 dedit,
706 1521 813 1550 eum
846 1521 938 1549 non
971 1505 1205 1550 viderunt:
1240 1521 1374 1566 spero
1404 1504 1559 1549 omnia
1588 1520 1693 1549 cum
1718 1501 1872 1549 fructu

232 1577 346 1624 fore.
388 1577 597 1641 Vterque
632 1594 847 1641 magnam
881 1579 1073 1624 docendi
1106 1578 1302 1641 gratiam
1335 1577 1484 1625 habet.
1521 1577 1596 1624 M.
1638 1577 1874 1623 Henricus

234 1667 455 1713 magnum
491 1651 627 1697 habet
657 1652 960 1708 auditorium;
996 1651 1201 1697 similiter
1242 1652 1314 1697 M.
1353 1651 1619 1697 Franciscus
1651 1667 1870 1714 magnum

231 1725 510 1770 auditorium
546 1725 706 1771 habuit
736 1738 781 1771 et
813 1725 1060 1771 habiturus
1093 1738 1173 1771 est.
1210 1726 1283 1772 M.
1319 1726 1555 1785 Johannes
1589 1725 1715 1772 Redt
1745 1726 1872 1771 breui

231 1799 316 1844 erit
362 1798 690 1856 baccalaurius,
738 1812 783 1845 et
829 1811 930 1846 turn
979 1800 1178 1846 lecturus
1222 1811 1289 1845 est
1334 1799 1623 1862 euangelium
1674 1798 1869 1845 Mathei.

231 1871 456 1918 Habituri
494 1885 601 1919 sunt
634 1874 769 1919 etiam
805 1875 1061 1920 orationem
1099 1873 1470 1937 quodlubeticam
1500 1873 1530 1932 ³,
1564 1889 1610 1920 et
1642 1874 1687 1919 in
1720 1873 1873 1936 vigilia

232 1946 480 1992 natiuitatis
518 1959 562 1992 et
599 1948 866 2010 epiphaniae
905 1948 1090 1994 latinam
1131 1949 1175 1993 in
1213 1949 1375 1995 scholis
1413 1948 1739 2012 theologorum
1771 1965 1872 1994 ora-

232 2034 417 2067 tionem.

296 2096 439 2141 Simul
466 2113 705 2142 manemus
737 2111 788 2156 17
818 2113 1031 2153 numero,
1058 2114 1217 2143 omnes
1248 2097 1502 2157 societatis,
1527 2097 1710 2143 duobus
1742 2098 1870 2143 dem-

231 2169 334 2232 ptis,
353 2170 409 2216 de
437 2170 604 2233 quibus
629 2170 748 2215 bona
766 2187 866 2233 spes
890 2182 972 2218 est.
1000 2171 1231 2217 Nondum
1259 2171 1479 2217 habemus
1502 2171 1767 2235 collegium3
1792 2172 1869 2217 sed

231 2244 320 2289 iam
354 2243 482 2289 breui
516 2243 715 2290 habituri
750 2261 923 2291 sumus,
960 2259 983 2306 5
1018 2261 1175 2290 sumus
1207 2246 1484 2300 sacerdotes,
1520 2262 1720 2308 quorum
1754 2261 1871 2291 vnus
1915 2308 1917 2310 η

284 2462 296 2487 ¹
354 2463 410 2499 De
433 2464 491 2499 his
511 2463 717 2508 POLANCO‚
739 2467 763 2499 t.
785 2472 842 2508 VI,
864 2474 951 2509 pag.
974 2473 1062 2511 425,
1085 2475 1119 2500 n.
1146 2465 1259 2511 1831:
1285 2465 1394 2509 «24³
1411 2475 1501 2501 vero
1517 2465 1681 2511 Augusti
1703 2469 1868 2510 quatuor

225 2529 399 2574 juvenes,
422 2527 486 2572 qui
506 2527 683 2572 precibus
704 2526 741 2561 id
763 2526 1073 2572 impetraverant,
1092 2538 1138 2562 ex
1155 2528 1389 2573 domesticis,
1406 2527 1566 2563 Romam
1587 2527 1690 2563 misit
1710 2527 1750 2563 P.
1771 2527 1865 2564 Leo-

231 2590 386 2634 nardus;
409 2589 569 2633 scilicet,
599 2588 820 2632 Robertum,
850 2589 1111 2636 Laurentium,
1133 2590 1362 2635 Martinum,
1386 2590 1450 2635 qui
1471 2595 1562 2625 vota
1583 2589 1687 2625 domi
1715 2594 1869 2632 nostrae

230 2651 415 2688 Coloniae
436 2652 653 2696 emiserant,
672 2656 708 2686 et
727 2651 916 2687 Joannem
938 2652 1067 2698 Balae,
1089 2652 1153 2698 qui
1174 2654 1290 2698 paulo
1312 2658 1400 2688 ante
1424 2656 1650 2698 accesserat,
1672 2655 1714 2687 ut
1734 2662 1775 2687 se
1797 2651 1866 2688 So-

231 2714 360 2749 cietati
377 2715 495 2750 daret.
517 2714 677 2749 Romam
694 2723 780 2749 cum
803 2714 889 2749 aliis
906 2714 1171 2759 proficiscens,
1194 2715 1254 2750 his
1275 2715 1431 2760 quintus
1450 2715 1651 2761 adJunetus
1669 2719 1738 2760 est,
1755 2724 1867 2760 quem

229 2776 268 2811 P.
290 2775 508 2811 Bernardus
530 2775 723 2811 oliverius
744 2776 940 2811 miserat».

283 2835 300 2860 2
354 2838 454 2873 Vide
477 2848 574 2884 quae
595 2838 642 2872 de
663 2837 709 2872 iis
731 2838 909 2873 omnibus
931 2837 1034 2873 dicta
1054 2842 1143 2873 sunt
1163 2838 1201 2873 in
1224 2837 1334 2883 epist.
1361 2848 1474 2885 1199,
1496 2848 1581 2884 pag.
1604 2838 1695 2882 480,
1717 2837 1808 2881 481.

283 2897 297 2922 3
358 2900 418 2936 «A
438 2901 568 2936 multis
583 2901 664 2946 jam
681 2900 790 2935 annis
812 2900 912 2945 apud
930 2899 1180 2935 Colonienses
1201 2900 1240 2935 in
1258 2910 1403 2936 morem
1424 2900 1582 2944 abierat,
1601 2903 1641 2934 ut
1659 2899 1861 2935 Decembri

231 2972 360 2997 mense
388 2967 533 2997 certum
555 2961 750 3008 quoddam
778 2961 977 2997 Oratoriae
1007 2962 1308 2997 concertationis
1335 2962 1579 2997 adhiberetur
1605 2971 1737 3007 genus,
1761 2962 1863 3007 quod

229 3012 440 3058 vocabatur
460 3022 777 3069 quodlibeticum,
799 3023 886 3057 inde
908 3023 976 3058 abs
998 3023 1115 3058 dubio
1137 3024 1316 3059 sortitum
1337 3034 1488 3068 nomen,
1513 3025 1628 3069 quod,
1651 3023 1711 3058 eui
1733 3023 1863 3069 dispu-

230 3085 336 3120 tandi
357 3084 473 3120 fiebat
492 3089 677 3131 potestas,
699 3083 755 3119 fas
776 3088 858 3119 erat
878 3084 925 3118 de
947 3093 1022 3129 quo
1043 3083 1179 3120 liberet
1201 3089 1425 3131 argumento
1449 3085 1675 3121 disserere.»
1699 3084 1865 3121 POLAN-

230 3153 294 3192 CO,
316 3150 342 3182 t.
363 3154 420 3192 VI,
442 3157 530 3193 pag.
551 3157 641 3192 422,
663 3155 698 3182 n.
724 3146 837 3191 1817,
860 3150 988 3182 annot.
1013 3153 1046 3192 5.
