2008 3510
317 260 394 300 688
782 259 1020 298 EPISTOLAE
1048 259 1374 298 Mutua-1282

262 365 399 422 enim,
424 381 528 411 cum
555 365 743 412 discedit
766 382 791 410 a
815 382 1023 428 corpore,
1049 382 1195 428 neque
1219 365 1360 428 tangi,
1385 380 1531 428 neque
1559 363 1700 411 videri
1725 375 1890 428 potest,

262 456 310 485 ac
336 440 532 502 denique
563 456 666 485 cum
699 456 778 485 ore
809 450 854 485 et
887 450 1046 485 ventre
1081 449 1249 496 careat,
1286 439 1510 502 poteritne
1542 437 1714 502 aliquid
1738 455 1890 486 come-

260 513 385 560 dere?
414 529 651 578 nunquam
677 515 771 560 sine
795 515 938 561 dubio
963 515 1201 561 comedere
1226 515 1408 578 poterit.
1431 514 1526 561 His
1543 509 1674 560 dictis
1698 514 1758 560 ita
1782 531 1891 561 con—

261 587 367 633 uicti
394 598 439 633 et
462 586 639 634 confusi
667 588 958 647 uidebantur,
982 599 1034 635 vt
1059 589 1282 635 nescirent
1306 587 1399 635 fere
1423 588 1533 653 quid
1560 588 1673 635 mihi
1697 588 1891 652 amplius

260 662 567 727 loquerentur.

327 736 449 784 Cum
475 737 569 783 aliis
592 737 752 796 etiam,
777 738 855 801 qui
881 737 936 783 ab
960 737 1029 782 his
1053 737 1275 799 sapientes
1299 735 1538 792 habentur,
1564 746 1609 781 et
1632 752 1736 781 cum
1753 735 1890 799 jude-

261 829 394 858 orum
422 811 588 858 rabinis
607 828 820 875 persaepe
844 811 1045 875 disputo,
1069 827 1270 875 quorum
1296 809 1500 856 nonnulli
1521 820 1737 867 asserunt,
1763 810 1889 874 quod

260 885 294 931 si
321 902 403 932 nos
427 885 664 932 Christum
690 897 897 932 sanctum
925 884 1062 932 fuisse
1093 885 1387 948 prophetam,
1419 900 1511 930 non
1535 884 1689 930 Deum
1716 895 1888 931 tenere-

261 976 385 1017 mus,
411 960 455 1006 in
489 971 589 1006 toto
620 961 707 1006 iam
739 960 850 1007 orbe
879 977 1039 1006 omnes
1071 959 1302 1006 christiani
1327 946 1601 1015 dicerentur,
1634 969 1679 1004 et
1711 958 1772 1004 ita
1795 958 1889 1005 sine

260 997 489 1080 intellectu
523 1035 685 1081 volunt
708 1035 912 1082 diuinam
937 1034 1217 1081 maiestatem
1242 1033 1407 1080 metiri.
1441 1032 1657 1094 Quatuor
1681 1049 1791 1078 uero
1815 1033 1887 1079 alii

250 1109 379 1173 judei
406 1109 515 1155 mihi
542 1109 727 1173 polliciti
763 1109 974 1167 fuerunt,
1006 1127 1052 1156 se
1085 1110 1141 1156 ad
1177 1109 1371 1172 Ceptam
1403 1107 1546 1154 ituros
1577 1118 1628 1153 ut
1652 1106 1888 1170 baptizen-

259 1195 348 1241 tur;
373 1200 466 1248 quo
490 1201 595 1230 cum
627 1185 949 1244 discessissent,
981 1195 1026 1231 et
1059 1202 1083 1231 a
1115 1196 1348 1231 turcarum
1381 1182 1597 1229 custodiis
1627 1183 1744 1246 capti
1778 1181 1887 1229 fuis-

259 1269 377 1315 sent,
410 1276 456 1305 se
480 1259 535 1306 ad
565 1259 798 1306 castellum
829 1259 1063 1324 quoddam
1093 1259 1155 1305 ire
1186 1275 1272 1322 pro
1302 1258 1412 1304 lacte
1441 1256 1729 1305 simularunt.
1762 1258 1884 1304 Cum

257 1350 368 1380 vero
399 1334 606 1380 secundo
649 1334 942 1381 nihilominus
972 1343 1256 1398 caperentur,
1295 1348 1456 1379 eorum
1487 1348 1606 1379 vnus
1646 1348 1752 1395 prae
1792 1343 1885 1379 tor-

259 1407 423 1454 mentis
447 1406 680 1454 confessus
705 1419 771 1455 est
800 1426 845 1455 se
869 1425 974 1454 cum
1000 1408 1093 1454 aliis
1123 1407 1306 1454 duobus
1336 1407 1381 1453 in
1414 1406 1608 1470 Ceptam
1639 1406 1884 1471 proficisci;

257 1498 397 1546 quare
428 1481 488 1527 illi
522 1494 611 1528 tres
642 1481 686 1528 in
718 1499 894 1529 carcere
924 1482 1113 1529 coniecti
1143 1493 1262 1528 sunt.
1298 1481 1476 1528 Eorum
1508 1481 1603 1528 duo
1642 1498 1687 1527 se
1728 1481 1885 1528 iudeos

256 1573 350 1602 esse
374 1555 603 1613 dicebant;
629 1569 757 1603 erant
781 1558 901 1603 enim
927 1574 983 1603 ex
1010 1557 1145 1614 Feza,
1171 1568 1215 1603 et
1239 1567 1415 1620 patrem
1441 1554 1671 1601 habebant
1686 1555 1883 1619 judeum

255 1628 462 1685 diuitem,
487 1639 547 1687 et,
572 1639 624 1675 vt
649 1629 758 1675 mihi
785 1640 940 1693 postea
964 1629 1234 1687 retulerunt,
1252 1628 1284 1674 si
1306 1645 1352 1674 se
1365 1627 1632 1674 christianos
1651 1643 1745 1673 esse
1770 1625 1884 1673 uelle

256 1703 497 1760 dixissent,
529 1703 630 1766 plus
659 1704 780 1750 mille
812 1703 966 1750 vnciae
996 1720 1020 1749 a
1043 1704 1196 1769 judeis
1225 1701 1415 1750 fuissent
1445 1719 1688 1765 expensae,
1722 1712 1771 1748 vt
1806 1719 1883 1748 eos

255 1788 439 1840 possent
472 1777 761 1836 comburere3
796 1778 874 1824 sed
909 1777 1050 1824 nihilo
1082 1790 1233 1824 tamen
1273 1778 1423 1823 minus
1457 1794 1482 1822 a
1517 1776 1755 1839 proposito
1789 1793 1882 1822 non

254 1852 566 1910 discedentes,
608 1869 682 1898 me
717 1852 962 1916 rogabant,
992 1863 1044 1899 vt
1075 1868 1174 1898 mea
1204 1867 1344 1915 opera
1373 1851 1419 1897 in
1459 1850 1653 1913 Ceptam
1695 1850 1882 1897 transire

254 1938 450 1990 possent.
477 1927 638 1973 Paucis
664 1938 766 1990 post
796 1927 977 1983 diebus,
1010 1943 1116 1973 cum
1148 1926 1468 1982 liberarentur,
1499 1940 1661 1971 eorum
1691 1924 1806 1981 duo,
1831 1934 1883 1970 ut

254 2001 364 2047 mihi
390 2001 625 2058 dixerunt,
658 2002 703 2047 in
736 2002 932 2048 Alcazer
961 2002 1019 2048 ad
1048 2017 1262 2047 maurum
1294 2000 1524 2064 quendam
1556 1999 1620 2045 ire
1650 1998 1880 2057 uolebant,

252 2076 321 2122 cui
350 2076 620 2122 munuscula
653 2076 893 2134 dederant,
920 2087 969 2122 vt
995 2092 1076 2139 per
1101 2093 1205 2122 eum
1232 2074 1460 2122 custodias
1491 2073 1628 2120 libere
1651 2084 1881 2136 pertrans-

253 2149 317 2196 ire
341 2161 538 2213 possent.
565 2150 752 2196 Tertius
781 2150 980 2198 discessit
1010 2150 1055 2196 in
1086 2150 1276 2206 Fezam3
1302 2148 1569 2212 desperabat
1599 2147 1719 2194 enim
1745 2165 1790 2194 se
1820 2149 1883 2195 ad

251 2225 600 2271 christianorum
624 2225 720 2271 loca
750 2224 989 2287 peruenire
1018 2241 1161 2287 posse.
1194 2224 1402 2286 Quartus
1432 2239 1544 2269 uero
1573 2233 1618 2268 et
1640 2221 1879 2269 castellano

251 2310 295 2345 et
317 2300 532 2346 omnibus
562 2299 676 2346 dixit
706 2316 751 2345 se
781 2298 971 2345 omnino
1002 2298 1299 2344 christianum
1335 2296 1571 2356 futurum,
1605 2296 1746 2343 modo
1771 2313 1901 2353 eum⁴

251 2374 509 2421 redimendi
530 2374 642 2420 mihi
673 2385 786 2420 esset
818 2374 1007 2420 animus.
1042 2374 1164 2420 Cum
1195 2373 1399 2436 primum
1430 2372 1700 2420 eleemosina
1723 2382 1878 2434 parata

251 2461 379 2506 esset,
406 2449 560 2495 multis
593 2449 681 2495 iam
723 2448 883 2496 diebus
916 2449 992 2508 (vt
1023 2447 1129 2495 facit
1160 2448 1350 2510 adhuc),
1386 2447 1630 2510 compedes
1669 2444 1876 2509 pertulit,

251 2523 458 2586 maleque
482 2523 538 2570 ab
563 2522 776 2569 omnibus
802 2534 1042 2578 tractatur3
1068 2522 1181 2569 nihil
1201 2535 1353 2569 tamen
1378 2538 1470 2568 non
1490 2520 1679 2567 libenter
1701 2518 1875 2576 suffert,

250 2614 306 2643 ex
330 2615 423 2660 quo
450 2598 635 2662 quidem
667 2598 895 2661 optimum
927 2614 1021 2643 esse
1051 2597 1346 2643 christianum
1379 2595 1599 2642 existimo.
1627 2593 1764 2657 Legit
1787 2593 1875 2639 iam

252 2670 399 2717 literas
432 2682 605 2718 nostras
635 2670 872 2728 formatas,
904 2670 1092 2717 arabum
1125 2681 1170 2717 et
1201 2682 1432 2717 turcarum
1462 2671 1664 2734 linguam
1703 2668 1876 2732 optime

250 2745 401 2804 nouit,
426 2757 602 2809 praeter
627 2745 905 2804 hebraicam,
930 2746 974 2792 in
999 2762 1090 2809 qua
1120 2745 1251 2793 valde
1280 2745 1485 2792 eruditus
1508 2755 1596 2801 est,
1621 2743 1805 2806 insuper
1828 2742 1874 2788 in

250 2819 397 2865 bibliis
441 2821 636 2867 maxime
676 2832 880 2866 uersatus
920 2832 1010 2879 est,
1059 2820 1103 2866 in
1146 2821 1328 2884 phisicis
1368 2836 1478 2866 uero
1524 2816 1871 2883 aliquantulum.

248 2893 290 2938 Si
320 2893 368 2940 P.
397 2894 470 2940 M.
498 2895 654 2941 Simon
678 2894 889 2953 voluerit,
916 2906 966 2940 vt
990 2894 1061 2940 hic
1086 2894 1143 2941 ad
1159 2911 1206 2940 se
1231 2894 1275 2940 in
1295 2893 1624 2957 Portugalliam
1650 2892 1872 2950 mittatur,
1893 2933 1896 2936 Δ

247 2967 437 3014 libenter
467 2969 527 3015 ita
552 2967 734 3025 faciam3
766 2968 832 3014 sin
858 2981 1034 3027 autem,
1060 2968 1143 3014 ibit
1174 2969 1218 3015 in
1250 2968 1542 3031 Hispaniam,
1572 2977 1617 3013 et
1641 2982 1725 3029 pro
1748 2965 1872 3011 victu

246 3041 537 3089 eleemosinas
561 3042 821 3108 queritabit.

314 3116 410 3162 Hic
443 3134 560 3163 nunc
587 3117 632 3164 in
660 3116 916 3163 carceribus
940 3128 1032 3163 tam
1059 3116 1191 3163 multi
1218 3127 1346 3174 sunt,
1372 3126 1422 3163 vt
1452 3115 1592 3161 alium
1616 3112 1709 3160 fere
1733 3127 1871 3176 supra
