2008 3510
748 269 799 308 30
829 257 941 309 Junn
975 268 1072 309 1551
1598 267 1675 308 725

841 439 986 474 iano

593 534 934 571 GULIELMUS
976 534 1052 571 DU
1094 534 1242 571 PRAT

633 615 832 641 EPISCOPUS
858 615 1064 640 CLAROMON
1071 615 1198 640 TANUS

413 687 627 734 PATRI
666 688 961 735 IGNATIO
998 689 1092 735 DE
1127 688 1416 735 LOYOLA

623 782 793 809 pAmsns
823 783 874 823 30
896 778 1007 818 'JUNn
1039 784 1136 823 1551
1170 771 1200 811 ¹.

98 878 139 915 In
162 879 330 914 anImum
352 879 502 915 induxit
529 880 733 925 episcopus
760 891 879 926 opera
906 880 1112 917 Societatis
1133 880 1187 916 uti
1210 880 1257 915 ad
1284 880 1573 916 instaurandum
1595 879 1731 915 acade-
1759 870 1768 881 ‘

151 941 269 978 miam
289 942 569 979 billomensem.
593 942 705 989 Quod
727 943 758 978 si
780 943 953 989 Ignatius
974 943 1069 979 illud
1096 953 1192 989 opus
1220 943 1404 989 accipiat,
1426 943 1556 978 omnia
1582 943 1629 977 ad
1651 952 1730 977 rem

150 1005 371 1041 necessaria
391 1015 432 1041 se
455 1005 716 1051 praebiturum
736 1006 952 1051 pollicetur.

163 1110 323 1156 Gratia
353 1122 397 1156 et
430 1127 519 1173 pax
544 1110 718 1156 domini
747 1111 886 1156 nostri
914 1103 1024 1171 Jesu
1051 1110 1167 1173 Xpi.
1193 1110 1249 1156 sit
1273 1122 1438 1167 tecum,
1464 1108 1602 1156 frater
1625 1110 1728 1156 cha-

97 1184 283 1231 rissime.
307 1185 429 1232 Cum
457 1185 625 1231 nudius
644 1185 803 1231 tertius
822 1202 894 1231 me
919 1185 1134 1231 inuiseret
1160 1185 1235 1232 M.
1254 1185 1457 1245 Joannes
1476 1184 1679 1247 Baptista
1699 1183 1728 1240 ²,

97 1259 215 1305 inter
239 1259 389 1305 varios
414 1276 663 1317 sermones,
683 1260 874 1322 contigit
893 1271 944 1306 vt
966 1275 1269 1323 conquererer
1292 1259 1349 1305 de
1367 1259 1507 1304 veteri
1527 1259 1727 1322 quodam

96 1333 335 1396 gymnasio
362 1349 487 1378 meae
512 1333 718 1388 diocesis,
743 1332 904 1379 celebri
931 1334 1117 1398 quidem
1143 1333 1249 1379 olim
1279 1345 1322 1380 et
1357 1334 1460 1379 satis
1484 1332 1728 1397 frequenti,

95 1407 221 1470 quod
250 1418 438 1452 non-est
462 1407 505 1453 in
535 1407 644 1453 vrbe
669 1407 884 1470 primaria
910 1418 955 1453 et
980 1406 1343 1470 metropolitana,
1369 1407 1446 1453 sed
1472 1408 1515 1453 in
1540 1406 1729 1470 oppido,

96 1481 221 1544 quod
247 1481 516 1527 Bilhomum
543 1493 722 1538 vocant,
746 1498 869 1527 meae
889 1481 1066 1538 ditioni,
1087 1494 1177 1527 tam
1205 1481 1425 1544 spirituali
1451 1498 1590 1545 quam
1615 1494 1730 1527 tem-

69 1604 73 1608 ,
95 1555 254 1618 porali‚
280 1555 535 1602 subiectum
558 1555 590 1603 ³.
620 1556 751 1602 Huic
776 1556 1072 1602 instaurando
1096 1568 1140 1602 et
1163 1556 1480 1603 confirmando
1504 1573 1610 1602 cum
1636 1573 1730 1603 sae-

95 1631 197 1694 pius
222 1630 523 1689 incubuerim,
546 1648 781 1695 nunquam
801 1642 951 1677 tamen
974 1631 1189 1677 hactenus
1207 1629 1431 1686 successit,
1451 1629 1578 1692 quod
1600 1641 1730 1692 opta-

95 1704 217 1752 bam.
244 1704 404 1751 Asciui
428 1706 651 1769 quosdam
677 1719 991 1768 praeceptores
1015 1722 1038 1751 e
1066 1704 1265 1761 Lutetia,
1286 1703 1529 1750 nonnullos
1552 1721 1575 1750 e
1601 1704 1730 1750 Bitu-

94 1779 288 1842 rigibus,
321 1779 431 1825 alios
466 1797 522 1826 ex
552 1797 652 1826 mea
689 1781 785 1843 ipsa
816 1780 1006 1838 diocesi,
1038 1795 1154 1842 quos
1189 1778 1292 1824 huic
1329 1778 1508 1824 scholae
1542 1778 1732 1825 diuersis

95 1854 223 1899 aunis
248 1852 458 1917 praefeci,
486 1871 576 1900 non
603 1854 698 1900 sine
725 1854 954 1900 bonorum
975 1866 1019 1900 et
1040 1854 1268 1899 honorum
1294 1852 1617 1899 cumulatione.
1644 1853 1732 1900 Sed

95 1929 123 1974 ii
149 1945 243 1974 rem
271 1929 424 1991 potius
455 1945 582 1974 suam
613 1929 672 1987 (si
708 1929 806 1975 licet
836 1929 1007 1991 dicere)
1037 1945 1174 1992 quam
1206 1944 1521 1982 communem,
1547 1940 1592 1974 et
1615 1945 1729 1985 eam,

95 2019 212 2066 quae
237 2014 304 2048 est
326 2003 437 2063 Jesu
457 2003 588 2066 Xpi„
607 2016 864 2067 querentes,
884 2019 1105 2067 spemque
1131 2019 1279 2048 meam
1305 2001 1523 2059 fallenteS‚
1548 2019 1730 2048 concre-

96 2077 239 2123 ditam
265 2076 348 2123 sibi
374 2077 574 2123 scholam
602 2094 691 2123 non
718 2078 983 2134 auctiorem,
1012 2077 1123 2140 quin
1150 2076 1300 2139 potius
1325 2074 1579 2140 frequentia
1604 2076 1730 2122 debi-

97 2150 272 2206 liorem,
292 2161 337 2196 et
356 2151 522 2214 pietate
541 2168 589 2197 ac
608 2151 866 2197 eruditione
885 2149 1168 2214 frigidiorem
1189 2150 1484 2215 reliquerunt.
1507 2151 1730 2197 Commo-

96 2225 208 2271 dum
235 2235 387 2270 autem
412 2226 570 2288 putaui
596 2226 630 2271 si
657 2241 744 2288 ego
769 2237 813 2271 et
837 2225 1041 2288 Baptista
1060 2225 1116 2271 ad
1135 2225 1304 2271 Rdam.
1332 2237 1457 2271 tuam
1485 2225 1729 2287 paternita-

97 2309 189 2344 tem
214 2299 449 2345 communi
475 2311 587 2345 voto
612 2299 932 2358 scriberemus,
966 2313 1016 2346 vt
1049 2298 1223 2363 aliquos
1252 2316 1308 2345 ex
1340 2311 1487 2346 vestra
1512 2300 1729 2346 Societate

95 2373 332 2436 designare
356 2373 636 2437 dignaretur,
662 2385 707 2419 et
731 2373 834 2419 illuc
860 2373 1066 2438 allegare,
1086 2374 1163 2438 qui
1189 2364 1323 2419 huius
1347 2374 1523 2420 scholae
1548 2375 1726 2419 ruinam

98 2447 441 2510 impendentem
465 2446 780 2506 defenderent,
805 2465 956 2511 seque,
977 2448 1115 2494 veluti
1141 2465 1227 2511 pro
1247 2465 1402 2507 muro,
1428 2460 1727 2511 opponerent,

96 2532 140 2568 et
165 2522 207 2566 in
236 2520 471 2581 meliorem
497 2521 705 2567 ordinem
732 2538 780 2567 ac
805 2533 973 2567 statum
1006 2522 1280 2586 redigerent.
1315 2523 1400 2569 Est
1429 2534 1548 2569 certe
1578 2523 1728 2585 ampla

97 2611 222 2658 seges
246 2596 436 2641 domino
455 2606 500 2641 et
518 2596 734 2641 seruatori
754 2596 864 2655 Jesu
885 2597 1028 2658 Xpo.,
1046 2596 1081 2642 si
1101 2596 1205 2643 illuc
1223 2614 1302 2643 sua
1318 2597 1595 2660 benignitate
1611 2614 1727 2644 mes-

152 2748 161 2772 ¹
220 2749 276 2786 Ex
297 2750 473 2796 originali
496 2749 534 2785 in
555 2750 630 2786 vol.
653 2747 786 2799 Epist.
811 2747 1121 2799 episcoporum,
1145 2752 1288 2798 duplici
1311 2752 1419 2797 folio,
1442 2763 1478 2788 n.
1508 2762 1598 2798 113,
1622 2753 1726 2798 prius

100 2816 188 2861 208,
211 2825 300 2862 209,
323 2813 534 2860 antiquitus
554 2824 698 2862 397.—
708 2815 809 2851 Usus
830 2818 888 2850 est
909 2814 981 2850 hac
1002 2815 1166 2861 epistola
1185 2816 1391 2862 POLANCO,
1412 2821 1437 2852 t.
1460 2824 1502 2862 11,
1523 2827 1611 2862 pag.
1636 2827 1723 2864 293,

95 2889 133 2914 n.
157 2886 245 2925 259.

149 2936 166 2962 2
220 2939 388 2975 Joannes
409 2938 491 2974 Bta.
514 2938 646 2983 Viola‚
668 2938 704 2973 in
727 2938 890 2974 Galliam
913 2938 962 2973 ad
984 2940 1285 2984 promovendam
1314 2938 1546 2977 Societatem
1570 2940 1722 2978 missus.

151 2998 166 3022 ³
222 3000 469 3036 Billomensis
501 3003 537 3035 et
567 3000 672 3036 urbis
703 3004 740 3036 et
768 3000 988 3036 academiae
1021 3001 1320 3048 descriptionem
1352 3004 1436 3049 lege
1469 3003 1569 3049 apud
1599 3003 1723 3050 PRAT,

97 3059 325 3100 Me'moires
342 3067 457 3112 pour
480 3059 623 3100 servir
644 3060 670 3099 ὰ
691 3059 903 3100 l’lzistoire
924 3059 980 3100 du
1007 3062 1118 3101 Pare
1138 3062 1275 3103 Broet
1298 3070 1341 3103 et
1363 3062 1435 3102 des
1461 3063 1652 3116 origines
1671 3063 1723 3103 de

96 3120 141 3161 la
164 3120 425 3173 compagnie
444 3120 496 3160 de
515 3119 642 3166 stus
660 3133 709 3160 en
731 3120 908 3171 France,
929 3135 1015 3172 pag.
1041 3126 1228 3174 196·199-
