2008 3510
752 273 774 305 2
779 274 801 318 5
831 271 1033 304 ocronms
1066 277 1081 304 1
1089 277 1111 317 5
1116 260 1166 317 56
1648 273 1726 317 479

142 388 226 420 nos
249 389 343 420 esse
368 370 542 432 iubent,
567 371 664 420 fore
687 373 809 419 enim
836 372 983 432 breui,
1012 384 1064 419 ut
1090 372 1219 419 nobis
1237 373 1394 431 detur3
1411 372 1604 420 dilatum
1625 385 1692 419 est
1712 384 1779 419 ta-

143 464 246 494 men
281 447 511 506 hactenus,
545 447 671 511 quod
709 448 924 512 antiquus
956 447 1053 493 eius
1082 464 1243 511 regens
1276 448 1486 494 nondum
1519 447 1777 511 emigravit.

139 520 337 567 Studiosi
362 538 522 567 omnes
545 521 719 584 optime
744 520 1003 567 afficiuntur
1028 520 1172 580 nobis,
1199 521 1259 567 ita
1291 533 1342 567 ut
1362 521 1554 568 timeant
1573 521 1778 585 magistri

141 595 334 641 aliorum
358 594 656 659 collegiorum
686 596 822 659 (quas
847 595 918 641 hic
943 595 1100 641 bursas
1117 595 1308 657 uocant)
1327 595 1565 641 interitura
1589 595 1779 660 reliqua,

139 669 173 715 si
201 669 332 716 nobis
356 669 503 734 legere
527 669 832 732 permittatur.
861 670 1190 717 Intellexerunt
1213 670 1334 717 enim
1363 687 1445 716 nos
1465 670 1606 734 gratis
1623 671 1780 717 omnia

141 743 356 801 facturos,
380 756 425 790 et
449 744 493 790 in
518 744 708 807 collegio
731 761 869 790 omne
894 744 1234 808 disciplinarum
1260 761 1405 808 genus
1436 744 1551 791 uelle
1584 745 1779 802 tradere,

140 831 278 884 atque
302 819 348 866 id
375 836 466 865 non
491 830 559 864 est
582 835 638 864 ex
663 819 800 864 animi
827 818 1010 864 illorum
1042 818 1274 864 sententia.
1301 817 1641 879 Quamobrem,
1673 835 1779 864 cum

140 894 210 940 his
238 893 400 941 diebus
431 894 718 940 conuenisset
755 910 838 939 nos
877 892 1104 940 facultatis
1136 893 1301 939 artium
1341 893 1561 949 decanus,
1602 892 1781 939 dicebat

141 980 344 1015 metuere
363 985 426 1025 se,
446 986 502 1015 ne
528 968 573 1014 in
594 966 818 1014 facultatis
845 968 1011 1014 artium
1038 979 1220 1014 coetum
1247 968 1563 1025 admittamur,
1582 968 1625 1014 ni
1646 979 1780 1014 teste·

143 1059 247 1088 mur
273 1043 399 1106 prius
427 1059 510 1088 nos
533 1043 674 1106 gratis
699 1059 790 1088 non
817 1043 1060 1099 doctur08‚
1086 1059 1166 1088 nec
1192 1041 1389 1088 lecturos
1414 1042 1546 1105 plura
1569 1059 1708 1106 quam
1735 1043 1779 1088 in

145 1116 242 1180 alijs
267 1116 468 1180 collegijs
492 1116 562 1179 alij
590 1116 959 1179 interpretentur.
985 1116 1143 1178 Quare
1163 1133 1242 1162 nec
1261 1133 1443 1179 graecas
1460 1127 1539 1163 aut
1566 1116 1781 1163 hebraeas

142 1191 308 1246 literas,
342 1207 421 1237 nec
453 1191 794 1237 mathematicas
826 1190 1100 1254 disciplinas,
1133 1191 1277 1237 immo
1315 1208 1395 1237 nec
1424 1191 1779 1254 metaphysicem

141 1276 220 1311 aut
243 1265 437 1312 ethicem
464 1265 534 1310 uel
563 1265 794 1328 politicem
821 1265 1109 1328 interpretari
1138 1265 1302 1312 liceret.
1332 1266 1435 1312 Nos
1465 1266 1663 1330 aliquam
1699 1267 1782 1312 ini-

143 1340 293 1385 bimus
333 1339 572 1396 rationem‚
599 1355 689 1403 qua
729 1351 773 1385 et
799 1339 883 1386 illis
913 1340 1114 1398 satisfiet,
1146 1352 1191 1386 et
1223 1351 1380 1386 nostro
1419 1341 1647 1387 desiderio
1689 1358 1781 1387 non

145 1412 434 1470 frustremur,
462 1413 595 1459 nimis
619 1413 740 1459 enim
770 1414 952 1460 uidetur
970 1413 1180 1478 iniquum
1198 1415 1254 1461 ad
1275 1415 1515 1478 Rodolphi
1534 1415 1783 1479 Agricolae

141 1503 187 1533 se
213 1487 527 1533 inuentionem
551 1486 579 1544 ¹,
606 1487 865 1533 Aristotelis
890 1487 1090 1551 logicem·
1119 1499 1165 1534 et
1195 1488 1450 1552 physicem,
1474 1501 1519 1535 et
1550 1490 1784 1536 Ciceronis

142 1638 300 1684 homini,
321 1638 384 1685 qui
406 1649 483 1674 non
515 1630 631 1674 inodo
657 1638 849 1685 conjugio,
882 1639 950 1675 sed
978 1639 1156 1685 pessimis
1185 1639 1299 1676 etiam
1334 1640 1554 1686 implicatus
1575 1641 1781 1687 erroribus,

142 1706 338 1747 praestare
358 1702 404 1736 de
426 1711 466 1737 se
489 1701 578 1737 boni
600 1702 654 1737 nil
675 1701 809 1747 possit.
831 1701 962 1748 Neque
983 1712 1076 1737 vero
1105 1702 1235 1738 multis
1256 1713 1352 1748 opus
1373 1707 1464 1738 erat.
1493 1702 1636 1739 Statuit
1666 1708 1782 1739 actu-

142 1768 222 1800 tum
255 1764 358 1799 Ordo
392 1764 653 1810 amplissimus
680 1764 824 1800 homini
853 1764 1069 1800 contumaci
1104 1775 1149 1800 ac
1175 1764 1399 1801 refractario
1426 1765 1550 1800 virum
1578 1775 1780 1811 surrogare

142 1826 404 1872 catholicum,
438 1831 474 1863 et
505 1827 642 1863 litteris
677 1827 878 1879 imbutum.
913 1826 1026 1874 Quod
1057 1828 1121 1863 ubi
1150 1827 1374 1864 amicissimi
1407 1839 1533 1864 rerum
1562 1833 1779 1864 nostrarum

143 1888 346 1924 Triumviri
368 1888 537 1924 Joannes
559 1889 791 1935 Gropperus,
815 1889 1008 1925 Gerardus
1028 1889 1355 1936 Hammontanus,
1378 1895 1415 1926 et
1437 1890 1680 1927 Everhardus
1702 1891 1779 1927 Bil-

143 1953 282 1988 lickius
305 1952 513 1999 inaudiere,
536 1953 803 1988 existimarunt
824 1953 982 1989 omnino
999 1954 1204 1989 occasione
1221 1954 1416 1992 utendum.
1436 1954 1630 2000 Principio
1651 1955 1780 2001 itaque

144 2014 305 2051 monent
322 2015 361 2052 P.
382 2015 639 2061 Leonardum,
659 2020 699 2051 ut
720 2026 790 2051 suo
810 2016 964 2052 nomine
985 2016 1032 2051 ab
1060 2016 1209 2062 Ignatio
1233 2016 1475 2054 Professores
1504 2021 1658 2063 expetat
1686 2028 1778 2063 pro-

144 2071 450 2124 batis'moribus,
472 2083 508 2114 et
530 2079 693 2115 scientia
713 2080 898 2116 illustres:
926 2090 1022 2126 quos
1050 2079 1123 2125 ipsi
1150 2083 1346 2131 tamquam
1374 2079 1575 2126 Gymnasii
1604 2081 1779 2116 vacantis

144 2141 381 2177 Candidatos
420 2141 659 2187 Magistratis
692 2141 912 2178 exhibeant.
947 2141 1158 2177 Assensum
1190 2142 1264 2177 hoc
1294 2142 1419 2178 minus
1451 2141 1530 2178 fore
1565 2142 1777 2188 difficilem,

143 2204 247 2250 quod
267 2214 407 2249 magna
427 2203 477 2239 sit
497 2213 627 2239 eorum
650 2204 765 2239 modo
786 2204 957 2249 penuria,
981 2203 1017 2239 in
1039 2203 1178 2250 quibus
1199 2207 1236 2239 et
1256 2204 1437 2240 virtutem
1459 2205 1622 2250 reperire
1650 2205 1717 2249 sit,
1741 2211 1777 2240 et

143 2266 359 2304 scientiam.
380 2266 529 2302 Placuit
550 2266 752 2302 Leonardo
774 2266 990 2312 consilium,
1012 2277 1084 2302 nec
1104 2266 1145 2302 Β.
1167 2266 1277 2302 Pater
1297 2267 1398 2303 votis
1412 2267 1544 2304 defuit.
1563 2267 1670 2303 Misit
1686 2278 1776 2304 con-

144 2328 270 2364 festim
293 2339 339 2363 ex
359 2328 461 2364 Urbe
481 2327 727 2364 Franciscum
748 2328 962 2374 Costerum,
982 2328 1169 2364 Joannem
1189 2328 1379 2376 Rhetium,
1402 2335 1438 2365 et
1457 2330 1665 2366 Henricum
1682 2330 1779 2366 Dio—

143 2391 309 2437 nysium,
330 2390 435 2426 viros
452 2400 585 2426 omnes
601 2395 792 2436 strenuos,
810 2394 846 2426 et
867 2391 915 2426 ad
935 2391 973 2426 id
989 2390 1158 2427 muneris
1176 2392 1384 2438 appositos,
1402 2403 1447 2428 ea
1463 2393 1779 2438 praescriptione,

143 2458 196 2499 ut,
218 2455 348 2490 oblata
369 2463 609 2500 quacumque
635 2453 853 2499 occasione,
876 2453 1050 2499 Collegio
1072 2454 1223 2490 initium
1241 2454 1425 2493 facerent.
1450 2455 1656 2491 Advenere
1683 2457 1779 2492 salvi

144 2527 278 2552 omnes
305 2526 350 2552 ac
381 2516 548 2562 sospites
578 2515 763 2552 Coloniae
784 2524 810 2551 x
837 2517 913 2551 kal.
949 2515 1078 2552 lulli».
1108 2516 1164 2553 Cf.
1202 2513 1362 2555 Cartas
1393 2515 1444 2554 de
1471 2514 1559 2555 San
1587 2514 1779 2567 Ignacio,

144 2583 171 2616 t.
193 2587 250 2624 vl,
271 2589 358 2624 pag.
390 2578 574 2624 466-470,
597 2588 684 2624 477,
713 2578 801 2623 480,
825 2579 921 2624 4833
950 2574 1047 2615 Litt.
1079 2575 1257 2625 Quadr„
1280 2584 1306 2616 t.
1333 2588 1391 2625 IV,
1413 2591 1502 2626 pag.
1531 2580 1722 2627 548-552;
1745 2586 1782 2616 et

145 2641 192 2676 ad
221 2641 425 2687 collegium
455 2638 602 2678 Trium
626 2637 894 2679 Coronarum
922 2642 1025 2686 quod
1051 2640 1206 2686 attinet,
1231 2641 1441 2687 PoLANco,
1463 2647 1486 2678 t.
1510 2650 1554 2691 11,
1578 2653 1664 2689 pag.
1689 2643 1780 2692 582,

145 2713 181 2740 n.
197 2703 286 2749 388.

198 2764 212 2789 ¹
268 2765 480 2802 RODOLPffl
517 2764 758 2802 AGRICOLAE
788 2761 858 2802 De
894 2761 1140 2803 Inventione
1169 2762 1405 2811 dialectica,
1443 2765 1527 2801 libri
1568 2774 1612 2802 111
1653 2765 1782 2802 excusi

143 2833 233 2864 sunt
264 2838 391 2873 saepe.
413 2827 470 2863 De
506 2838 550 2863 eo
571 2827 667 2862 haec
699 2827 976 2872 POSSEVINUS,
1008 2825 1260 2877 Apparatus
1278 2827 1407 2875 sacri,
1443 2834 1470 2865 t.
1502 2837 1543 2875 11,
1576 2840 1662 2876 pag.
1690 2839 1782 2876 349:

147 2889 414 2936 ‹Rodvlphus,
444 2889 530 2926 aliis
555 2889 779 2935 Rodolphus
805 2889 1008 2936 Agricola,
1039 2890 1353 2938 Grunningensis,
1380 2896 1529 2938 praeter
1567 2892 1650 2937 illa,
1685 2902 1783 2938 quae

142 2953 226 2988 siue
247 2953 297 2988 ad
317 2952 464 2988 litteras
484 2952 741 2996 humaniores,
763 2952 845 2987 siue
866 2953 914 2987 ad
935 2951 1187 2988 Dialecticam
1208 2958 1398 3000 spectant,
1418 2965 1564 3000 quaeve
1587 2965 1606 2989 e
1629 2954 1780 2990 Graeco

144 3015 282 3052 Latina
302 3015 480 3060 reddidit,
502 3015 654 3060 scripsit
672 3014 730 3050 De
751 3014 939 3051 immensa
959 3015 1102 3051 Christi
1119 3014 1274 3052 Domini
1295 3016 1444 3052 Natalis
1461 3015 1609 3051 laetitia
1631 3015 1778 3051 Oratio-

146 3089 234 3114 nem
255 3077 558 3124 gratulatoriam,
581 3077 722 3112 dictam
746 3076 971 3113 Innocentio
998 3077 1099 3113 VIII.
1121 3077 1229 3114 Pont.
1258 3077 1363 3114 Max.
1384 3077 1509 3112 Vertit
1530 3087 1576 3112 ex
1601 3076 1777 3112 Hebraeo

146 3139 384 3186 Psalterium,
406 3142 442 3174 et
461 3142 608 3186 partem
630 3148 789 3186 operum
809 3138 987 3187 Dionysij
1015 3138 1276 3186 Areopagitae
1298 3149 1317 3176 e
1338 3139 1504 3185 Graeco,
1526 3148 1624 3187 quae
1652 3142 1778 3175 tamen
