2040 3528
740 310 786 348 19
816 299 1032 338 Ocromus
1064 309 1165 350 1555
1672 311 1722 349 35

132 404 469 452 accommodar'
498 402 540 449 le
564 402 717 450 schole
742 403 788 451 di
813 414 951 452 sotto,
975 403 1338 451 Incominciamo
1362 422 1387 451 a
1412 404 1583 452 buttar'
1609 422 1633 451 a
1657 417 1778 452 terra

132 479 242 527 certi
269 495 402 525 mura
421 477 580 524 uechia
604 495 686 541 per
709 478 797 536 cio,
818 479 854 525 si
882 496 1074 525 mouero
1099 479 1211 525 altre
1236 479 1313 525 eil
1332 490 1448 525 tetto
1473 479 1521 526 di
1547 491 1683 536 sorte,
1703 480 1776 526 ch’

133 554 333 600 hauemo
358 553 604 616 bisognato
626 554 803 600 mouer’
829 552 859 599 il
884 565 1000 599 tetto
1025 571 1049 599 e
1074 553 1338 599 rinnouarlo
1361 571 1449 600 con
1469 554 1610 600 molte
1630 571 1775 601 mura.

137 628 180 676 E
198 628 296 675 cosi
325 627 600 673 l’architetto
620 627 678 673 ha
696 628 957 691 dissegnato
975 627 1021 674 di
1041 639 1164 673 sotto
1183 627 1413 690 sgrandir'
1439 627 1468 674 il
1489 628 1661 685 cortile,
1683 626 1779 674 fare

133 702 164 749 il
191 701 448 749 reffettorio
473 718 560 748 con
586 701 627 747 la
650 701 835 748 cuccina
851 719 882 763 e
908 713 977 748 tre
1002 701 1169 758 schole,
1195 701 1234 746 le
1260 701 1381 765 quali
1407 719 1568 748 serano
1598 702 1780 765 penitus

137 777 256 825 dalla
280 789 434 823 nostra
459 793 563 823 cosa
588 787 814 839 separate,
839 793 864 822 e
898 776 1056 822 adesso
1080 775 1114 822 s'
1140 777 1324 822 attende
1355 793 1380 822 a
1409 777 1577 839 spedir’
1604 788 1779 841 quanto

136 851 172 898 si
198 853 311 915 puo.
340 850 410 896 La
433 867 533 896 casa
557 850 630 896 del
655 850 823 908 vicino,
848 866 982 896 corne
1011 850 1074 896 ho
1098 850 1243 907 detto,
1268 850 1307 896 ci
1331 861 1399 896 sta
1423 867 1678 913 promessa3
1704 869 1780 898 ma

134 942 217 989 per
244 942 337 971 non
363 923 523 970 hauer'
549 923 609 970 lui
635 924 833 970 anchora
858 935 1044 970 trouato
1067 940 1167 970 casa
1191 925 1274 970 che
1298 923 1339 970 le
1362 923 1614 982 sodisfacci,
1639 926 1779 972 credo

135 1016 316 1046 saremo
358 999 611 1045 necessitati
652 1000 866 1062 espettar’
899 998 1084 1062 persino
1125 998 1166 1044 al
1200 998 1402 1063 Maggio
1436 999 1663 1062 prossimo
1697 1000 1780 1047 che

136 1074 281 1120 uiene.

202 1147 270 1193 Le
301 1147 455 1193 schole
480 1164 600 1193 uano
633 1164 718 1193 con
753 1158 1004 1210 agomento
1036 1163 1119 1211 per
1148 1147 1304 1194 diuina
1336 1147 1497 1194 bonta:
1525 1148 1553 1194 il
1587 1164 1781 1194 numero

137 1222 194 1269 de
225 1221 417 1268 scholari
449 1223 473 1267 e
504 1220 553 1267 d'
577 1231 775 1278 ottanta,
802 1220 873 1267 fra
902 1221 1024 1285 quali
1057 1221 1103 1267 ui
1135 1238 1250 1268 sono
1276 1221 1379 1268 belli
1411 1222 1613 1286 ingegni.
1641 1222 1781 1268 Hieri

138 1295 223 1343 feci
257 1297 524 1360 congregar’
558 1295 630 1341 nel
662 1295 891 1360 colleggio
926 1307 1085 1342 nostro
1118 1296 1228 1342 tutti
1263 1295 1291 1342 li
1330 1296 1510 1360 parenti
1547 1296 1604 1343 de
1639 1297 1781 1342 nostri

137 1371 343 1427 scholari,
374 1387 398 1416 e
431 1370 470 1416 le
496 1367 581 1415 feci
613 1371 691 1416 un'
717 1370 923 1416 oratione
949 1369 1158 1434 volgare,
1184 1381 1237 1416 ut
1266 1386 1428 1416 omnes
1459 1370 1781 1434 intelligerent,

138 1445 256 1493 della
286 1444 397 1491 vtile
429 1462 453 1491 e
485 1445 730 1491 necessaria
762 1443 917 1491 buona
947 1445 1219 1491 educatione
1251 1445 1308 1492 de
1341 1444 1522 1509 figlioli,
1547 1462 1571 1490 e
1602 1445 1784 1491 institu—

139 1521 262 1567 tione
287 1519 403 1567 nella
426 1519 548 1583 pieta
572 1520 770 1583 xpiana.,
790 1538 814 1566 e
840 1519 983 1566 credo
1009 1519 1180 1566 hauera
1205 1518 1322 1566 fatto
1347 1518 1509 1566 frutto:
1537 1537 1560 1566 e
1585 1519 1782 1583 publicai

139 1595 282 1641 anche
307 1611 332 1640 a
356 1596 464 1640 tutti
492 1594 591 1641 loro
618 1595 656 1640 le
682 1594 836 1658 regole
860 1594 1060 1641 hauemo
1087 1611 1168 1658 per
1193 1594 1222 1641 li
1247 1594 1459 1653 scholari,
1482 1594 1783 1641 essortandoli

141 1670 198 1717 ad
222 1669 473 1735 aggiutarci
500 1670 560 1716 ad
584 1670 800 1716 instituir’
827 1669 943 1716 bene
968 1670 981 1716 i
1007 1669 1107 1716 loro
1130 1669 1305 1734 figlioli.

208 1745 402 1807 Quanto
434 1743 506 1790 all'
538 1745 699 1791 ordine
731 1745 814 1791 che
848 1756 1084 1791 teneremo
1115 1756 1279 1809 questo
1312 1761 1433 1791 anno
1467 1744 1582 1792 nelle
1615 1744 1785 1803 schole,

146 1836 237 1866 non
264 1819 303 1865 le
326 1819 430 1866 dico
455 1818 585 1876 altro,
610 1819 780 1883 perche
805 1819 923 1866 dalla
947 1819 1153 1866 inchiusa
1178 1820 1278 1866 lista
1299 1820 1330 1877 li
1355 1819 1510 1867 uedra.

209 1894 354 1942 Cerea
385 1894 467 1941 alle
498 1911 600 1941 cose
632 1894 875 1957 spirituali,
902 1895 1089 1941 intenda
1113 1895 1171 1942 V.
1202 1896 1265 1943 R.
1298 1895 1382 1942 che
1411 1912 1534 1941 uano
1562 1912 1649 1942 con
1675 1911 1787 1959 ago-

145 1976 324 2018 mento:
349 1969 457 2033 ogni
491 1969 542 2016 di
568 1986 785 2016 crescono
816 1986 936 2016 noue
964 1986 1158 2033 persone
1189 1987 1272 2033 per
1298 1970 1325 2016 il
1353 1969 1514 2017 diuino
1538 1969 1784 2033 seruiggio.

141 2044 219 2090 Da
243 2044 321 2108 qui
347 2044 495 2090 inanci
522 2044 629 2090 tutti
662 2043 688 2090 li
715 2043 875 2090 ueneri
902 2043 1091 2107 leggero
1117 2043 1162 2090 in
1187 2044 1336 2090 chiesa
1360 2043 1402 2090 la
1433 2043 1638 2091 dottrina
1668 2043 1787 2090 chri-

142 2118 302 2175 stiana,
321 2117 443 2164 accio
468 2118 565 2175 che,
586 2117 704 2164 oltra
729 2116 757 2163 li
782 2117 921 2180 putti,
943 2118 978 2163 si
1000 2117 1186 2181 possino
1205 2118 1343 2164 etiam
1368 2117 1546 2182 giouar’
1571 2117 1689 2165 altri.
1719 2116 1789 2163 Le

142 2190 258 2239 feste
283 2191 518 2256 principali
544 2209 568 2238 e
591 2191 632 2238 le
651 2191 799 2255 prime
822 2191 1094 2238 domeniche
1119 2191 1191 2238 del
1214 2209 1334 2239 mese
1358 2192 1646 2256 predichero:
1669 2203 1788 2239 tutte

145 2266 174 2312 l’
199 2265 311 2313 altre
338 2264 452 2312 feste
476 2265 665 2331 legger&
690 2266 718 2312 l'
744 2265 986 2329 euangelio
1011 2266 1057 2312 di
1081 2265 1122 2313 S.
1151 2266 1387 2315 MattheO.

212 2340 396 2388 Mando
421 2341 563 2387 anche
588 2358 614 2387 a
637 2341 696 2388 V.
725 2340 784 2387 R.
811 2357 903 2386 una
934 2339 1033 2386 lista
1056 2340 1161 2387 delli
1194 2340 1417 2388 disordini
1448 2341 1593 2387 notati
1624 2341 1670 2387 in
1696 2340 1788 2387 Bo-

147 2415 300 2480 logna,
325 2432 350 2461 a
381 2414 471 2462 fine
501 2415 585 2461 che
616 2415 677 2463 V.
715 2415 773 2461 R.
807 2415 924 2461 ueda
953 2415 1258 2461 destramente
1290 2416 1336 2462 di
1361 2414 1462 2462 farli
1495 2415 1732 2461 intendere
1764 2431 1789 2460 a

147 2506 228 2537 sua
259 2488 356 2547 ὅδὲ,
383 2490 505 2537 accio
535 2491 572 2537 si
603 2490 821 2554 proueda.
855 2489 944 2536 Per
973 2502 1133 2554 questa
1157 2507 1250 2537 non
1281 2491 1385 2537 diro
1415 2490 1532 2537 altro
1562 2507 1587 2537 a
1611 2490 1672 2538 V.
1707 2491 1788 2547 R.‚

113 2563 115 2565 ’
149 2565 276 2610 saluo
306 2564 390 2611 che
418 2565 465 2611 di
497 2564 626 2611 cuor'
651 2564 1021 2611 raccomandomi
1047 2563 1131 2610 alle
1159 2581 1239 2611 sue
1264 2565 1459 2612 orationi
1485 2583 1508 2611 e
1539 2565 1597 2612 de
1623 2565 1731 2611 tutti
1758 2564 1787 2612 li

148 2637 286 2685 Padri
317 2656 342 2685 e
372 2639 623 2686 charissimi
656 2637 832 2686 fratelli.
866 2639 928 2685 Di
955 2638 1166 2703 Bologna
1197 2639 1226 2685 il
1259 2655 1316 2701 19
1340 2640 1390 2687 di
1417 2639 1619 2686 Ottobre
1652 2655 1667 2685 1
1679 2653 1704 2702 5
1713 2653 1737 2702 5
1746 2653 1786 2702 5.

153 2713 367 2760 Mel-cori
393 2725 574 2777 passato
599 2714 873 2778 giongesero
898 2713 975 2778 qui
1000 2713 1029 2760 li
1054 2713 1131 2760 doi
1157 2712 1322 2761 fratelli
1346 2714 1429 2761 che
1447 2731 1568 2761 vano
1592 2713 1631 2761 al
1657 2730 1791 2777 paese

150 2860 257 2906 illas,
280 2870 377 2906 quas
397 2861 519 2897 nostri
542 2862 590 2897 ad
611 2872 720 2898 suam
742 2860 1023 2897 habitationem
1045 2864 1083 2897 et
1107 2861 1327 2898 scholarum
1348 2861 1665 2898 commoditatem
1685 2867 1791 2898 tene·

150 2923 254 2958 bant.
272 2923 486 2959 Admonuit
503 2924 605 2960 idem
620 2924 660 2962 P.
677 2924 829 2960 Natalis
843 2928 886 2959 ut
906 2924 1097 2970 quaedam
1114 2924 1190 2960 alia
1205 2925 1343 2961 domus
1359 2925 1542 2971 contigua
1559 2928 1788 2962 emeretur...

152 2984 363 3021 Constituit
394 2988 523 3021 autem
549 2996 597 3021 ne
631 2986 881 3023 aedificarent
908 2986 1120 3032 quidquam
1146 2987 1256 3032 novi;
1283 2987 1353 3023 sed
1382 2990 1532 3023 tantum
1563 2987 1719 3023 scholas
1749 2987 1789 3022 in

153 3046 326 3083 inferiori
346 3051 455 3093 parte
483 3047 704 3094 huJ‘usmodi
731 3050 935 3086 domorum
955 3049 1244 3087 concinnarent.
1267 3049 1345 3086 Sed
1365 3060 1468 3096 ecee,
1491 3051 1582 3086 dum
1603 3050 1642 3085 id
1663 3050 1791 3086 facere

153 3109 374 3154 moliuntur,
394 3109 564 3155 parietes
585 3111 735 3157 antiqui
757 3115 794 3147 et
814 3114 958 3147 tectum
978 3111 1104 3157 ipsum
1121 3111 1178 3148 sic
1197 3115 1344 3148 motum
1360 3116 1429 3158 est,
1445 3116 1488 3148 ut
1508 3112 1666 3148 omnino
1689 3111 1792 3147 aedi-

151 3169 324 3208 ficationi
345 3181 482 3208 manus
504 3171 617 3209 fuerit
637 3173 945 3211 admovenda...»
