2008 3510
731 264 782 303 28
811 264 1056 304 Decemmus
1088 265 1190 316 1556
1644 265 1721 316 585

147 378 193 415 et
230 368 520 417 collaudatae.
561 370 818 417 Dominicis
863 370 1022 417 diebus
1062 370 1304 417 conciones
1345 368 1507 416 latinae
1551 369 1598 416 in
1643 380 1777 416 coetu

146 442 404 500 doctorum,
423 455 469 489 et
492 443 776 506 germanicae
800 444 845 490 in
865 444 993 507 pagis
1010 443 1293 490 ornatissime
1309 443 1577 506 procedunt.
1596 442 1774 490 Lectio-

148 532 224 562 nes
248 533 401 579 porro,
421 517 766 581 disputationes,
791 519 1002 565 exercitia
1018 517 1268 564 domestica
1287 534 1367 580 per
1384 517 1582 580 singulas
1601 517 1777 564 hebdo-

146 590 301 637 madas
317 591 477 637 ordine
502 591 624 638 bono
643 593 958 639 traducuntur.
981 592 1021 638 F
1022 603 1127 638 auet
1150 591 1387 638 conatibus
1405 592 1570 638 nostris
1593 593 1776 639 vniuer-

146 664 251 710 sitas
276 675 372 711 tota
397 676 640 729 totumque
666 667 1001 730 Ingolstadium
1027 666 1180 713 studio
1205 666 1412 714 mirifico·

210 738 284 784 De
301 749 397 785 tota
414 755 553 803 grege
574 742 680 801 [sic]
700 741 1009 787 studiosorum
1024 751 1205 786 tantum
1224 756 1316 786 non
1332 739 1475 785 ausim
1493 739 1774 803 promittere,

143 812 310 875 quibus
334 830 439 859 cum
467 830 611 878 neque
634 831 801 878 corpus
820 831 966 878 neque
986 831 1112 860 mens
1133 831 1222 862 vna
1246 814 1317 872 sit,
1342 814 1402 859 ita
1425 814 1560 860 etiam
1586 814 1776 860 diuersis

143 896 189 931 et
212 885 560 949 improbissimis
583 900 690 934 sunt
714 888 1010 934 contaminati
1030 899 1074 935 et
1097 887 1381 951 conspurcati
1407 887 1677 935 haeresibus,

209 959 269 1006 D.
305 960 592 1007 Couillonius
620 960 633 986 ¹
668 973 889 1024 perpetuo
924 978 996 1007 me
1028 961 1237 1008 sollicitat
1267 973 1318 1007 vt
1347 961 1540 1007 scribam
1572 977 1656 1023 pro
1687 961 1774 1007 alio

143 1031 398 1095 professore
417 1033 447 1091 2,
465 1051 570 1081 cum
590 1047 743 1098 aperte
763 1036 873 1082 mihi
898 1036 1031 1092 dicat,
1051 1048 1095 1082 et
1120 1035 1229 1100 alijs,
1249 1052 1294 1081 se
1318 1035 1539 1081 continuo
1557 1035 1648 1081 suis
1672 1052 1774 1098 par-

143 1106 264 1152 tibus
305 1106 437 1171 fungi
474 1125 567 1154 non
597 1126 742 1172 posse.
776 1110 1071 1156 Contrarium
1104 1110 1268 1157 nescio.
1303 1109 1469 1156 Unum
1501 1109 1615 1166 scio,
1647 1109 1773 1155 illum

143 1197 235 1226 non
259 1181 445 1228 sollicite
468 1194 513 1228 et
536 1183 798 1246 simpliciter
822 1183 1070 1230 ambulare.
1092 1183 1342 1230 Commoui
1363 1183 1620 1246 Georgium
1641 1181 1672 1241 ³,
1694 1183 1771 1246 qui

144 1254 401 1318 Vergilium
427 1257 590 1303 nostris
614 1257 908 1321 praelegerat,
929 1269 979 1304 vt
998 1257 1035 1303 ei
1062 1258 1181 1321 legat
1198 1268 1242 1303 et
1260 1257 1439 1304 scribat.
1463 1257 1627 1303 Habet
1645 1273 1774 1319 prae-

142 1338 262 1374 terea
286 1329 478 1376 alterum
503 1329 729 1377 famulum
754 1348 811 1378 ex
835 1330 1073 1388 fratribus,
1099 1331 1176 1395 qui
1201 1332 1296 1377 eius
1326 1347 1482 1377 curam
1515 1330 1773 1394 diligentis—

141 1401 303 1448 simam
341 1402 492 1451 habet.
531 1404 595 1450 Et
631 1417 782 1450 tamen
822 1404 972 1451 nullus
1006 1403 1094 1451 fuit
1132 1405 1348 1451 hactenus
1381 1404 1623 1468 querendi,
1653 1403 1772 1450 calu-

142 1476 358 1534 mniandi,
379 1477 670 1524 insimulandi
690 1478 803 1524 finis,
826 1479 901 1525 De
919 1478 1085 1542 quibus
1103 1478 1318 1524 omnibus
1337 1477 1583 1541 significaui
1605 1477 1664 1523 D.
1685 1477 1773 1522 Ca-

141 1549 268 1607 nisio,
284 1551 380 1614 qui,
397 1562 448 1597 vt
466 1562 595 1614 puto,
615 1569 735 1598 nunc
754 1553 956 1598 seuerius
975 1552 1093 1598 illius
1112 1568 1349 1598 rancorem
1368 1562 1413 1597 et
1428 1550 1771 1597 amarulentiam

141 1613 404 1686 increpauit‚
430 1641 504 1671 me
530 1642 621 1671 non
647 1626 841 1689 amplius
870 1626 1247 1689 perscripturum.
1277 1626 1364 1672 Sed
1394 1625 1530 1672 credo
1561 1624 1773 1687 deinceps

140 1695 268 1743 illum
294 1698 542 1745 verborum
561 1700 624 1748 D.
652 1701 817 1766 Canisij
845 1700 1110 1746 habiturum
1131 1701 1376 1757 rationem,
1395 1699 1628 1762 fidemque
1646 1699 1774 1745 dedit

142 1772 311 1818 mutuis
335 1773 621 1836 amplexibus
645 1790 690 1820 se
716 1775 845 1821 nobis
869 1774 983 1821 velle
1009 1774 1201 1837 placere,
1227 1786 1271 1820 et
1301 1773 1384 1820 sibi
1412 1773 1494 1836 ipsi
1520 1789 1606 1836 pro
1630 1772 1794 1819 extir-v

141 1847 301 1908 pandis
325 1847 407 1894 illis
430 1847 743 1895 affectionibus
767 1861 812 1896 et
836 1850 1106 1913 prodigiosis
1130 1849 1493 1895 inclinationibus
1512 1848 1607 1894 vim
1633 1846 1769 1893 infer-

140 1937 201 1968 re.
232 1920 354 1966 Mihi
381 1938 577 1985 namque
606 1923 849 1969 conuenire
874 1939 965 1969 non
992 1934 1196 1986 possunt;
1228 1923 1273 1969 in
1298 1923 1406 1968 alios
1437 1922 1590 1985 potius
1622 1921 1769 1968 effun-

139 1994 267 2040 deret
290 1994 388 2041 illos
411 2005 570 2042 aestus.
605 1996 878 2059 Numquam
910 2013 998 2061 ego
1028 1997 1209 2060 quietus
1243 2013 1362 2054 sum,
1394 1995 1504 2042 nihil
1537 1995 1645 2041 mihi
1678 1994 1770 2040 fere

139 2069 334 2114 occurrit
356 2069 482 2116 domi
507 2081 553 2116 et
576 2086 601 2115 a
625 2068 840 2116 fratribus
864 2070 1123 2135 aliquando,
1148 2070 1275 2134 quod
1309 2071 1552 2116 molestum
1584 2085 1674 2114 non
1698 2069 1766 2115 sit.

139 2142 427 2189 Administer
449 2143 650 2190 discessit
673 2161 779 2190 cum
800 2144 997 2201 Canisio,
1018 2156 1132 2207 puto
1157 2144 1438 2208 Stephanum
1462 2142 1490 2191 ⁴.
1518 2143 1769 2206 Dionysius

139 2228 327 2279 propter
350 2218 498 2264 studia
522 2228 567 2263 et
591 2218 833 2264 conciones
858 2234 948 2264 non
981 2235 1027 2264 se
1058 2230 1236 2275 mouet,
1269 2229 1315 2264 et
1345 2234 1431 2281 ego
1464 2218 1643 2263 relictus
1666 2233 1766 2262 sum

137 2290 275 2336 solus.
303 2290 413 2336 Non
438 2290 546 2337 haec
570 2291 673 2338 dico
697 2292 823 2355 quod
848 2291 957 2338 mihi
982 2292 1214 2355 displiceat
1231 2291 1376 2350 labor,
1395 2292 1473 2338 sed
1499 2307 1553 2336 ne
1578 2290 1648 2336 isti
1674 2301 1766 2335 tam

139 2365 403 2428 pernitiosas
427 2365 652 2412 molestias
675 2366 839 2413 rectori
865 2364 1081 2423 inferant,
1112 2382 1314 2430 quorum
1343 2365 1529 2412 consilio
1560 2375 1605 2410 et
1629 2364 1767 2410 animi

194 2556 206 2581 ¹
260 2559 429 2596 Joannes
455 2559 647 2605 Cuvillon,
674 2560 721 2596 de
748 2570 824 2606 quo
850 2560 1026 2596 videatur
1054 2559 1259 2607 POLANCO,
1294 2562 1320 2596 t.
1352 2567 1408 2604 VI,
1437 2569 1524 2604 pag.
1559 2569 1649 2604 402,
1677 2567 1766 2604 403,

138 2632 175 2659 n.
199 2623 422 2669 1721-1726
445 2626 482 2658 et
501 2622 600 2658 infra
622 2622 731 2668 epist.
757 2630 869 2670 1250.

190 2680 207 2706 ²
261 2683 453 2730 Scriptum
472 2685 579 2731 prius
600 2684 722 2720 fuerat
741 2681 911 2726 lectore,·
931 2683 1011 2726 sed,
1025 2683 1098 2720 hoc
1118 2693 1194 2719 non
1214 2683 1353 2729 deleto,
1368 2692 1482 2728 supra
1503 2681 1657 2727 scripsit
1663 2686 1768 2731 pro·

162 2755 312 2783 essere.

128 2743 168 2794 f
189 2804 204 2830 ³
257 2808 429 2844 Vocatur
457 2807 521 2844 hic
556 2807 768 2854 <Georgius
802 2817 1019 2854 germanus,
1050 2806 1378 2852 Meissingensis2.
1412 2805 1625 2849 POLANCO,
1653 2806 1678 2840 t.
1707 2811 1766 2850 vl,

136 2878 224 2915 pag.
246 2869 335 2916 389,
356 2880 392 2906 n.
417 2870 529 2915 1648,
553 2873 681 2907 annot.
705 2881 738 2906 2.

190 2927 206 2953 '¹
259 2931 335 2977 Sie;
355 2931 507 2968 videtur
527 2935 654 2967 autem
675 2932 737 2968 hic
757 2941 840 2967 esse
859 2930 923 2977 qui
944 2941 966 2966 a
985 2930 1193 2975 POLANCO,
1210 2925 1326 2972 ibid„
1344 2928 1558 2974 appellatur
1579 2926 1766 2972 «Stepha-

140 3001 210 3027 nus
230 2992 404 3029 Liberius
424 2990 600 3042 (Liber),
621 3003 826 3039 germanus
855 3003 902 3027 ex
927 2991 1095 3038 Styria».
1116 2991 1246 3036 Hunc,
1267 2990 1422 3036 collegii
1450 2987 1766 3035 ingolstadiensis

137 3054 317 3102 incolam,
334 3055 582 3092 Ratisbonam
599 3066 685 3091 curn
701 3055 857 3092 Canisio
874 3054 1088 3100 profectum
1106 3054 1223 3090 fuisse
1245 3053 1434 3099 simulque
1456 3052 1508 3087 ibi
1526 3062 1613 3088 cum
1630 3052 1765 3087 eodem

137 3118 296 3164 versari,
318 3118 461 3155 scimus
482 3119 599 3154 etiam
619 3128 666 3154 ex
685 3117 1029 3163 BRAUNSBERGER,
1050 3113 1077 3154 l.
1098 3127 1145 3163 c.,
1166 3120 1191 3153 t.
1213 3124 1255 3162 11,
1276 3126 1364 3162 pag.
1387 3125 1451 3161 39.
