2008 3510
297 334 374 373 552
761 319 997 359 Eris-roma
1024 319 1271 359 Murrius—1
1280 331 1328 359 22
1334 332 1356 370 5

242 443 350 491 erga
374 426 642 473 Societatem
667 426 813 472 affecti
838 435 966 484 sunt,
991 425 1158 490 quibus
1189 426 1406 488 paulatim
1436 427 1688 474 secundum
1717 428 1871 475 datam

243 499 374 546 nobis
397 500 760 563 oportunitatem
784 499 946 546 damus
969 510 1124 546 nostra
1146 499 1368 557 exercitia,
1393 500 1559 565 quibus
1588 517 1682 547 sese
1707 501 1764 548 ad
1788 518 1871 548 no-

240 584 380 620 stram
428 574 694 621 Societatem
745 573 1068 632 determinant3
1114 584 1241 620 extra
1285 574 1492 621 domum*
1524 586 1675 621 tamen
1722 575 1872 622 adhuc

241 659 441 707 manent,
467 649 573 713 quia
595 649 775 706 domuS,
801 649 846 695 in
870 665 961 712 qua
985 649 1126 696 modo
1149 649 1301 696 adhuc
1326 665 1498 707 sumus,
1523 666 1684 696 omnes
1711 667 1871 714 capere

240 721 366 768 nullo
391 723 531 770 modo
555 735 719 786 posset.
751 724 870 770 Heri
896 723 1083 787 quidam
1108 723 1364 770 adolescens
1386 724 1678 782 dinantensis,
1695 725 1794 790 jam
1822 725 1869 771 in

239 797 509 861 magistrum
534 798 893 861 promouenduS,
918 796 1199 844 naturalibus
1229 797 1402 860 optime
1432 798 1635 855 dotatus,
1660 799 1871 846 exercitia

239 871 445 918 absoluit.

305 947 641 994 Confitentium
665 958 711 993 et
733 946 1170 993 communicantium
1198 962 1416 992 numerus
1456 957 1649 1009 augetur
1681 945 1727 991 in
1758 945 1866 993 dies,

242 1021 317 1069 M.
346 1021 582 1068 Henricus
604 1020 617 1045 ¹
643 1021 687 1067 in
712 1021 864 1067 schola
888 1019 1212 1084 theologorum
1237 1019 1442 1083 quotidie
1466 1035 1603 1065 vnam
1627 1018 1866 1066 lectionem

239 1096 347 1160 legit
371 1097 415 1142 in
442 1096 654 1160 psalterio
679 1112 845 1160 magna
867 1111 972 1142 cum
990 1095 1149 1159 gratia,
1174 1094 1235 1140 ita
1254 1106 1304 1140 vt
1321 1110 1480 1140 omnes
1499 1094 1723 1140 mirentur
1740 1094 1869 1141 audi-

237 1180 409 1229 torum,
434 1186 551 1234 quos
574 1169 724 1227 habet,
750 1170 855 1234 quia
879 1186 903 1215 a
926 1169 1067 1233 longo
1099 1180 1308 1232 tempore
1338 1185 1430 1214 non
1462 1179 1528 1214 est
1556 1168 1705 1214 visum
1741 1178 1792 1214 vt
1822 1169 1868 1214 in

237 1243 469 1307 theologia
491 1243 603 1290 alius
621 1243 638 1269 ²
661 1254 842 1290 tantum
868 1243 1147 1290 auditorium
1178 1242 1378 1291 haberet.
1404 1243 1511 1303 Jam
1541 1242 1732 1290 studiosi
1768 1242 1869 1306 plu-

237 1317 355 1374 rimi,
382 1316 663 1364 naturalibus
687 1317 801 1364 bene
824 1317 982 1374 dotati,
1008 1333 1101 1363 sese
1125 1317 1181 1363 ad
1206 1317 1410 1363 studium
1438 1316 1692 1380 theologiae
1719 1317 1867 1380 appli-

237 1408 337 1438 care
363 1392 600 1456 incipiunt,
625 1393 704 1458 qui
729 1393 815 1439 alio
846 1394 997 1440 studio
1028 1410 1121 1439 sese
1151 1393 1461 1456 applicassent.
1492 1393 1567 1440 M.
1603 1393 1870 1439 Franciscus

239 1467 457 1514 Costerus
476 1467 603 1514 breui
628 1468 763 1514 etiam
788 1468 987 1514 lecturus
1011 1478 1098 1524 est;
1123 1468 1183 1513 sic
1202 1468 1318 1513 duae
1339 1467 1551 1514 lectiones
1568 1484 1714 1513 sacrae
1738 1467 1868 1513 theo-

237 1541 384 1605 logiae
407 1541 711 1589 habebuntur.
737 1542 844 1602 Jam
869 1542 1029 1588 diebus
1053 1541 1211 1605 elapsis
1235 1541 1346 1605 legit
1370 1541 1548 1604 publice
1571 1541 1784 1604 spheram
1809 1541 1867 1587 de

239 1616 374 1662 Sacro
399 1616 544 1662 Busto
563 1616 579 1641 ³
603 1633 769 1680 magna
792 1633 899 1663 cum
918 1616 1081 1679 gratia3
1107 1615 1185 1662 sed
1203 1616 1259 1662 de
1285 1616 1352 1661 his
1370 1627 1415 1661 et
1438 1615 1532 1661 aliis
1555 1614 1690 1661 rebus
1713 1614 1865 1678 primo

239 1689 405 1735 nuncio
429 1689 678 1735 scribemus
701 1688 845 1737 latius.
875 1689 1025 1736 Rdus.
1050 1687 1100 1734 P.
1125 1688 1289 1734 Petrus
1315 1687 1484 1751 reliqua
1509 1687 1723 1745 narrabit,
1748 1703 1865 1751 quae

238 1763 456 1825 temporis
480 1763 688 1826 angustia
712 1779 804 1808 non
828 1762 1032 1825 permisit
1055 1761 1261 1808 scribere.

303 1835 426 1883 Bene
458 1836 606 1884 valeat
630 1837 690 1884 R.
719 1837 771 1884 P.
797 1836 857 1884 V.
884 1836 929 1882 in
959 1836 1189 1894 Domino,
1221 1835 1593 1882 commendantes
1625 1852 1707 1882 nos
1735 1835 1865 1882 vnice

239 1909 289 1958 P.
317 1911 378 1958 V.
410 1921 455 1958 et
488 1911 678 1958 Patrum
709 1922 754 1958 et
778 1910 971 1957 fratrum
997 1910 1159 1956 sanctis
1182 1910 1418 1959 sacrificiis,
1453 1911 1645 1974 Raptim
1671 1910 1865 1957 Colonie

237 1984 375 2031 altera
399 1986 441 2033 S.
474 1985 683 2032 Andreae
706 1985 897 2048 apostoli
930 2000 946 2030 I
959 1998 982 2046 5
991 1985 1066 2046 56.
1097 1984 1157 2032 R.
1180 1985 1231 2031 P.
1252 1984 1308 2031 V.
1329 2001 1486 2031 seruus
1510 1985 1557 2031 in
1576 1985 1798 2044 Domino,

996 2077 1028 2137 †
1064 2076 1365 2122 LEONARDUS
1401 2077 1600 2124 KEssm..
1637 2078 1669 2137 †

301 2177 553 2240 Inscriptio:
594 2177 715 2224 Rdo.
754 2178 798 2223 in
830 2176 913 2223 X.⁰
945 2177 1086 2235 Patri,
1122 2177 1200 2224 M.
1237 2176 1413 2236 Jacobo
1454 2177 1656 2241 Laynez,
1694 2178 1864 2225 vicario

236 2251 431 2314 generali
457 2251 688 2298 Societatis
711 2251 837 2311 Jesu.
866 2252 1057 2297 Romae.

238 2408 361 2444 aureis
393 2408 440 2444 ab
466 2409 624 2445 Urbano
651 2407 861 2456 Quaestore
882 2408 977 2445 socii
1005 2408 1207 2446 redimant.
1236 2407 1347 2455 Quod
1373 2409 1525 2444 tametsi
1550 2408 1717 2445 Instituti
1741 2411 1860 2446 nostri

236 2472 467 2518 rationibus,
502 2472 817 2518 domesticisque,
848 2472 986 2519 quibus
1019 2472 1346 2518 conflictabamur,
1383 2473 1588 2519 angustiis,
1617 2473 1861 2509 vehementer

238 2545 449 2581 repugnare
475 2539 512 2571 et
542 2535 654 2571 amici
676 2539 712 2571 et
738 2535 856 2571 nostri
877 2535 1052 2571 homines
1076 2535 1313 2582 judicarent;
1334 2539 1462 2571 tamen
1481 2536 1756 2581 praestandum
1775 2546 1860 2572 cen-

236 2600 410 2643 suerunt,
445 2597 764 2644 serviendumque
795 2598 977 2643 tempori,
1012 2598 1137 2633 donec
1170 2597 1393 2644 benigniore
1431 2607 1502 2634 nos
1532 2598 1639 2634 vultu
1673 2598 1862 2644 aspiceret

236 2659 691 2697 fortunam—Caeterum
722 2661 915 2706 supplices
952 2660 1077 2696 Rhetii
1117 2660 1270 2697 libellos
1308 2662 1356 2696 ad
1389 2665 1564 2697 senatum
1599 2661 1858 2698 coloniensem

237 2721 388 2767 aliaque
410 2722 457 2757 ad
477 2722 682 2769 collegium
708 2723 959 2758 obtinendum
985 2723 1250 2768 instrumenta,
1273 2723 1380 2759 affert
1400 2723 1586 2766 HANSEN‚
1606 2720 1861 2762 Rlzeiniscke

235 2780 374 2820 Akten
391 2794 472 2821 zur
496 2780 736 2822 Geschiclzte
754 2781 827 2821 des
844 2781 1195 2828 Jesuitenordens
1213 2782 1479 2834 1542-1582,
1498 2795 1586 2831 pag.
1609 2796 1653 2832 27
1659 2786 1790 2832 3-280.

289 2843 302 2868 ¹
358 2845 547 2882 Henricus
565 2845 789 2893 Dionysius,
810 2847 858 2882 de
878 2856 954 2893 quo
975 2846 1124 2892 egimus
1140 2856 1265 2893 supra,
1289 2847 1396 2893 epist.
1424 2857 1525 2894 1199
1547 2851 1583 2883 et
1607 2858 1719 2885 1200.

287 2903 304 2929 2
358 2907 431 2944 Ms.
452 2905 562 2945 aliis.

287 2965 303 2990 ³
352 2968 539 3008 Videatur
557 2969 716 3006 laudata
735 2969 897 3015 epistola
919 2979 1031 3017 1199.
