2008 3510
291 248 367 298 692
505 251 508 254 ’
753 245 989 285 EmsTOLAE
1017 246 1344 298 M1XTAE—1283

236 353 442 417 ptistam,
466 363 518 399 vt
546 353 726 399 interim
757 354 882 417 apud
912 354 971 400 T.
1000 353 1050 402 P.
1081 353 1166 400 mei
1198 353 1358 399 silentii
1384 369 1565 400 causam
1595 362 1870 417 exponeret,

235 428 362 474 cuius
402 444 579 474 moram
618 428 829 474 resarcire
865 440 960 475 erat
995 428 1039 474 in
1083 427 1256 484 anim0‚
1293 444 1396 473 cum
1440 427 1641 490 primum
1673 444 1730 474 ex
1760 428 1863 474 aula
1922 416 1927 422 ⁵

234 503 478 549 rediissem.

300 578 410 624 Non
436 594 622 640 possum
646 578 862 641 equidem
886 577 1036 623 verbis
1065 577 1320 640 exprimere
1343 588 1516 640 quanto
1552 576 1660 622 mihi
1695 576 1864 639 gaudio

233 650 385 709 fuerit,
409 669 514 698 cum
540 652 735 698 intellexi
762 651 865 698 fidei
890 663 934 697 et
959 651 1188 715 religionis
1211 651 1418 714 xpianae.
1444 661 1569 696 tanta
1595 650 1689 696 fieri
1716 652 1862 696 incre-

234 739 388 773 menta
417 727 460 772 in
486 727 569 772 illis
587 726 848 790 regionibus
869 726 1146 790 (Aphricam
1166 725 1411 789 intelligo),
1433 725 1509 772 vbi
1536 725 1712 789 pridem
1732 724 1864 772 refri-

231 801 386 858 xisset‚
421 812 466 847 et
499 817 614 864 pene
649 802 950 847 intermortua
985 812 1099 847 esset
1140 800 1308 863 xpiani.
1348 799 1544 845 nominis
1580 799 1779 862 dignitas
1820 810 1865 846 et

232 875 438 921 maiestas
483 886 774 921 sacrosancta.
819 874 969 938 quue
1014 874 1145 920 vobis
1191 873 1416 938 gratulor,
1458 873 1585 937 quod
1632 873 1865 920 Societatis

231 961 406 997 vestrae
423 949 575 996 studio
596 966 644 995 ac
665 949 917 996 ministerio
939 949 1053 995 hanc
1072 960 1271 1012 segetem
1291 948 1687 1012 Dei-prouidentia
1706 949 1863 995 deme-

230 1035 323 1069 tere
348 1023 570 1081 statuerit,
595 1034 640 1069 et
663 1040 775 1087 quas
800 1039 988 1086 possum
1013 1039 1198 1069 summo
1223 1022 1283 1068 illi
1308 1033 1354 1068 et
1377 1022 1555 1085 optimo
1573 1023 1677 1069 Deo
1696 1023 1863 1087 gratias

230 1115 332 1161 ago,
358 1098 435 1161 qui
460 1097 671 1161 spiritum
696 1114 832 1143 suum
857 1108 1083 1156 sanctum,
1109 1108 1153 1143 et
1180 1096 1305 1143 verbi
1333 1096 1548 1143 ministris
1571 1108 1617 1143 et
1646 1097 1863 1143 auditori-

230 1171 330 1230 bus,
351 1183 444 1217 tam
470 1171 710 1217 liberaliter
735 1170 975 1218 infundere
999 1171 1230 1235 dignatur.
1257 1172 1357 1218 Nec
1383 1188 1567 1234 possum
1594 1188 1686 1217 non
1711 1171 1862 1218 mirari

228 1258 273 1292 et
296 1246 521 1309 suspicere
546 1246 863 1292 vehementem
894 1246 969 1294 M.
997 1246 1156 1306 Jacobi
1179 1246 1352 1309 Laynel
1379 1247 1422 1292 in
1443 1246 1725 1310 requirendis
1747 1246 1862 1310 Xpi.

228 1321 393 1367 ouibus
418 1320 714 1384 diligentiam,
745 1322 873 1367 cuius
905 1321 1110 1367 studium
1135 1334 1180 1368 et
1209 1320 1439 1367 feruorem
1468 1332 1601 1384 opto,
1625 1332 1677 1367 vt
1707 1321 1862 1367 diuina

229 1394 485 1459 benignitas
506 1394 662 1441 fo'uere
686 1412 865 1458 semper
883 1407 928 1441 et
952 1413 1117 1459 augere
1139 1396 1369 1459 dignetur.

294 1469 409 1532 Legi
449 1481 679 1533 praeterea
718 1486 833 1534 quae
864 1470 986 1532 apud
1018 1470 1197 1517 Indiam
1233 1481 1278 1516 et
1309 1470 1354 1515 in
1390 1469 1548 1516 vicinis
1582 1468 1862 1532 regionibus,

228 1554 384 1589 nostro
409 1544 524 1606 pene
556 1543 655 1589 orbi
681 1543 935 1607 incognitis,
960 1558 1137 1591 vestrae
1166 1544 1397 1590 Societatis
1428 1542 1608 1602 fratres,
1639 1560 1730 1589 non
1762 1543 1861 1600 sibi,

226 1618 305 1664 sed
341 1617 469 1680 Xpo.
503 1617 619 1680 (pro
653 1617 781 1663 cuius
812 1617 901 1664 fide
934 1629 979 1664 et
1011 1636 1164 1664 amore
1196 1635 1287 1663 non
1319 1618 1412 1663 sine
1446 1617 1634 1663 martirii
1666 1616 1861 1679 tropheo

227 1692 500 1754 decertant),
539 1692 788 1755 spiritualia
822 1703 964 1738 castra
1000 1692 1365 1756 conquisierunt,
1401 1708 1610 1755 quaeque
1650 1690 1859 1754 amplius,

227 1766 382 1813 diuina
407 1764 509 1812 freti
535 1766 691 1829 gratia,
717 1765 980 1824 moliantur,
1007 1779 1058 1812 vt
1088 1767 1300 1812 barbaras
1325 1767 1418 1812 illas
1450 1779 1623 1830 gentes,
1654 1766 1860 1828 xpianae.
1889 1770 1897 1781 ¹

228 1839 519 1904 professionis
544 1853 588 1886 et
611 1857 717 1887 suae
742 1840 897 1886 salutis
922 1858 1106 1904 prorsus
1130 1842 1324 1904 ignaras,
1346 1859 1369 1886 a
1394 1840 1629 1887 seuissimo
1650 1839 1861 1886 sathanae

227 1915 336 1978 iugo
361 1926 405 1960 et
430 1915 710 1978 ignorantiae
735 1914 932 1961 tenebris
957 1915 1162 1974 liberare,
1187 1929 1232 1962 et
1256 1918 1312 1963 ad
1343 1909 1859 1980 xpianamslibertatem

228 2007 450 2053 veraeque
478 1990 582 2036 fidei
615 1989 769 2036 lumen
803 1990 1027 2037 adducere
1059 2002 1296 2037 conentur.
1333 1991 1549 2053 Quorum
1581 2002 1783 2047 conatus,
1811 2000 1861 2037 vt

227 2064 407 2110 diuinae
423 2063 611 2109 bonitati
638 2076 875 2127 pergratos
894 2081 988 2110 esse
1010 2082 1099 2110 non
1119 2064 1297 2122 dubito,
1319 2066 1379 2111 ita
1398 2066 1692 2112 vehementer
1709 2065 1859 2128 cupio,

229 2150 280 2185 vt
312 2138 406 2184 eius
442 2138 680 2184 clementia
715 2155 866 2185 caecas
903 2140 1119 2186 hactenus
1156 2140 1337 2186 illorum
1373 2140 1650 2204 populorum
1690 2151 1861 2187 mentes

228 2213 449 2259 illustrare
475 2212 599 2271 velit,
623 2224 675 2259 vt
704 2213 790 2258 iam
824 2226 1058 2276 acceptum
1085 2232 1189 2261 suae
1215 2215 1368 2261 salutis
1400 2214 1538 2261 foelix
1568 2214 1860 2279 faustumque

229 2286 448 2333 nuncium
485 2303 670 2349 syncera
708 2287 924 2333 charitate
959 2299 1243 2353 conseruent,
1278 2289 1335 2335 de
1372 2289 1538 2353 quibus
1573 2289 1726 2335 audire
1767 2299 1859 2335 tam

229 2374 413 2424 gratum
438 2361 522 2407 erit
546 2361 679 2417 mihi,
705 2372 757 2406 vt
782 2361 974 2407 nesciam
1002 2362 1036 2407 si
1063 2362 1174 2425 quid
1199 2363 1340 2425 possit
1363 2379 1455 2409 esse
1485 2362 1692 2425 amplius.
1719 2361 1861 2408 Bene-

228 2435 375 2480 dictus
415 2435 566 2491 Deus,
598 2434 676 2498 qui
705 2434 820 2480 hanc
855 2434 987 2480 vobis
1020 2435 1145 2481 dedit
1181 2435 1489 2494 voluntatem,
1521 2453 1712 2500 eamque
1742 2435 1860 2482 tueri

228 2508 337 2554 velit
362 2508 418 2555 ad
442 2508 509 2554 sui
541 2507 737 2554 nominis
762 2507 983 2554 honorem
1009 2519 1054 2554 et
1083 2509 1290 2555 ecclesiae
1314 2526 1420 2555 suae
1449 2519 1626 2555 sanctae
1655 2508 1861 2555 aedifica-

229 2583 418 2631 tionem.
446 2582 556 2629 Vale
589 2583 633 2629 in
659 2582 803 2645 Xp0.,
838 2582 973 2628 Pater
1007 2584 1127 2630 Rde.
1161 2583 1235 2629 Ex
1267 2583 1451 2630 Lutetia
1481 2583 1625 2647 pridie
1653 2582 1859 2630 calendas

232 2657 464 2704 Februarii
498 2671 634 2719 1550.
662 2656 870 2703 Humilis
894 2655 1048 2714 frater,

806 2747 1125 2795 GU1L1ELMus
1163 2749 1216 2796 E.
1257 2750 1724 2802 CLARQMONTANUS.

294 2867 545 2929 Inscriptio:
586 2866 710 2913 Rdo.
736 2865 780 2912 in
808 2866 993 2913 Christo
1019 2867 1164 2924 Patri,
1194 2868 1347 2915 Mtro.
1374 2867 1555 2931 Ignatio
1579 2868 1635 2915 de
1663 2867 1856 2930 Loyola,

230 2943 488 3005 praeposito
513 2941 709 3006 generali
734 2941 965 2988 Societatis
988 2942 1115 3002 JeSU.
1145 2943 1338 2991 Romae.
