2040 3528
762 261 809 300 19
838 250 1052 290 OCTOBRIS
1085 261 1187 301 1555
1692 259 1742 298 37

149 354 207 401 de
230 354 343 416 Jesu
369 372 394 400 e
417 372 496 401 seu
522 355 663 401 modo
686 355 744 402 de
767 355 910 402 viuer.
946 355 1023 402 Eu
1049 355 1489 403 verdadeiramemte
1520 354 1700 419 quisera
1724 371 1796 401 ser

151 430 212 476 tal
243 447 266 476 e
297 442 392 476 tam
423 429 694 490 sufficiemte
725 447 834 493 pera
865 431 1182 494 dignamemte
1216 430 1364 494 podet·
1400 446 1616 494 expresar
1646 447 1676 475 o
1706 446 1796 492 que

150 505 288 550 simto
313 504 438 551 deste
463 503 736 563 felecissimo
760 522 784 551 e
809 505 1203 551 bemauenturado
1237 504 1409 561 estado‚
1434 522 1458 550 e
1483 520 1643 567 porem
1667 504 1794 550 satis—

149 577 368 625 fazemdo
392 596 447 624 ao
472 596 561 643 que
586 596 660 625 me
685 580 741 625 he
769 580 953 643 pedido,
978 597 1003 626 e
1028 580 1088 625 asi
1115 579 1215 642 pela
1234 579 1532 643 obriguacam
1553 596 1643 643 que
1668 595 1794 625 com·

150 669 229 699 mo
253 654 436 700 cristam
456 654 613 710 tenho,
634 653 871 701 defemder
890 671 915 700 a
934 654 1135 701 uerdade
1155 671 1300 718 vsque
1324 655 1382 700 acl
1401 655 1602 700 animam
1620 666 1666 700 et
1690 643 1794 701 san-

150 728 338 791 guinem
367 727 396 784 ¹,
434 728 545 776 direi
583 729 879 775 breuemente
914 747 944 775 o
978 746 1068 792 que
1105 746 1178 774 me
1214 746 1374 791 pareoe
1409 730 1537 775 desta
1572 729 1795 792 refigiam,

151 815 446 849 nouamemte
470 803 703 866 plamtao‘a
730 804 788 850 ad
817 804 904 849 Dei
936 803 1130 866 gloriam
1163 803 1329 848 nostris
1360 802 1660 865 temporibus,
1686 820 1709 848 e
1734 803 1796 849 ho

149 893 239 941 que
262 877 609 940 comprehemdi
634 895 658 923 e
686 878 808 924 notei
834 877 1015 940 despois
1040 894 1130 941 que
1148 894 1199 922 os
1217 893 1472 933 comuerso,
1493 895 1516 922 e
1536 877 1596 922 asi
1623 878 1683 922 ho
1704 894 1794 941 que

148 951 292 997 soube
325 968 412 1014 por
443 952 514 998 fiel
550 970 574 998 e
604 964 726 999 certa
764 951 1082 1013 informacam,
1107 952 1242 998 auida
1273 951 1330 998 de
1355 968 1513 1014 pesoas
1544 953 1706 1016 dignas
1737 953 1794 999 de

148 1027 339 1073 emteira
363 1026 451 1073 ffee
476 1044 500 1073 e
525 1028 711 1074 credito.
740 1027 829 1074 Ho
849 1026 865 1052 ²
896 1044 986 1091 que
1014 1027 1152 1073 simto
1177 1027 1304 1073 desta
1328 1038 1474 1072 samta
1504 1027 1794 1090 Companhia

148 1101 404 1147 secundum
429 1112 687 1164 presentem
703 1100 933 1165 justitiam
960 1101 1031 1157 he,
1057 1118 1147 1164 que
1171 1112 1286 1146 estes
1312 1099 1484 1146 Padres
1508 1116 1605 1146 sam
1630 1112 1794 1163 muyto

150 1175 402 1235 necesarios
425 1192 472 1220 aa
500 1175 639 1238 igreia
662 1175 719 1221 de
744 1175 872 1221 Deos
903 1175 1127 1238 (maxime
1150 1191 1224 1220 em
1248 1186 1429 1237 tempos
1454 1186 1548 1220 tam
1574 1175 1793 1238 perigno-

149 1249 247 1310 sos)
275 1266 362 1312 por
385 1266 465 1295 sua
485 1250 705 1309 scimcera
727 1249 836 1296 vida
858 1266 883 1295 e
907 1249 1015 1296 bom
1042 1249 1278 1313 exemplo,
1304 1266 1395 1313 que
1422 1266 1526 1296 com
1551 1267 1633 1296 sua
1651 1251 1794 1296 douc-

150 1323 269 1369 trina
299 1324 767 1370 comtinuadamemte
805 1324 914 1371 dam
946 1342 997 1371 aa
1028 1325 1140 1372 todo
1173 1341 1344 1388 genero
1374 1324 1432 1371 de
1464 1341 1624 1387 pesoas
1653 1325 1795 1372 omde

150 1397 360 1456 residem,
383 1398 751 1461 especialmemte
775 1415 854 1445 aos
884 1416 974 1463 que
1007 1416 1060 1445 os
1091 1415 1392 1445 comuersam.
1421 1399 1527 1445 Sam
1552 1400 1796 1462 apartados

148 1471 205 1517 de
230 1471 437 1530 bolicios,
462 1471 664 1536 trafegos
688 1474 814 1519 deste
839 1473 1078 1520 miserauel
1099 1474 1310 1531 mumdo,
1328 1490 1353 1519 e
1377 1474 1521 1520 dados
1545 1490 1618 1519 aas
1636 1490 1795 1520 cousas

147 1545 408 1609 spirituaes:
433 1564 529 1593 sam
555 1547 799 1605 humildes,
825 1548 1002 1595 zelosos
1034 1549 1093 1595 da
1123 1548 1355 1609 saluacam
1380 1548 1464 1595 dos
1488 1549 1745 1612 proximos;
1771 1565 1796 1595 e

147 1636 257 1683 pera
279 1620 499 1668 effectuar
522 1622 609 1669 isto
632 1639 657 1668 e
680 1623 919 1670 extemder
942 1640 967 1669 a
989 1623 1198 1670 doctrina
1227 1623 1520 1687 euamgelica,
1549 1628 1638 1670 nao
1662 1640 1794 1670 recu-

146 1711 243 1740 sam
276 1695 512 1754 trabalho‚
550 1709 696 1743 amtes
730 1714 835 1744 com
870 1698 979 1744 toda
1011 1698 1276 1754 charidade,
1307 1697 1552 1761 seguimdo
1586 1715 1615 1743 o
1646 1709 1796 1745 samto

147 1769 438 1833 euamgelho,
471 1771 707 1834 predicant
738 1788 935 1835 regnum
968 1772 1081 1831 Dei,
1107 1772 1276 1831 Lucae,
1311 1778 1373 1836 9.⁰
1402 1778 1473 1829 c.⁰,
1502 1784 1555 1818 ut
1586 1773 1796 1819 homines

148 1843 445 1906 penitentiam
473 1857 633 1908 agant,
668 1846 897 1903 Matthei,
931 1845 994 1907 7.⁰
1017 1853 1074 1893 c.⁰
1094 1845 1123 1903 ³,
1155 1846 1501 1893 emtemdemdo
1534 1846 1653 1892 nisto
1688 1863 1792 1893 com

147 1919 258 1975 toda
283 1919 551 1983 diligemtia,
572 1921 922 1967 comuertemdo
947 1921 1007 1967 asi
1034 1937 1211 1967 mesmo
1234 1937 1286 1967 os
1310 1931 1541 1984 apostatas
1566 1938 1590 1967 e
1614 1932 1794 1984 aparta-

147 1994 232 2040 dos
264 1994 323 2042 da
354 1994 441 2041 ffee
474 1995 695 2042 catholica
720 1994 751 2054 ⁴,
786 1996 1066 2042 reduzimdo
1098 2013 1151 2042 os
1183 2013 1238 2042 ao
1269 1996 1450 2060 gremio
1486 2013 1510 2042 e
1544 1996 1700 2042 vniam
1734 1996 1793 2042 da

147 2082 293 2114 samta
316 2069 475 2116 madre
499 2070 652 2133 igreia,
676 2086 813 2116 como
838 2086 924 2133 por
947 2070 1244 2133 experiemtia
1261 2070 1308 2116 vi
1326 2087 1358 2116 -e
1383 2069 1526 2117 soube
1552 2086 1635 2116 nos
1659 2081 1794 2116 autos

147 2143 206 2188 da
229 2140 300 2188 fee
319 2141 335 2167 ⁵
359 2159 450 2206 que
472 2159 547 2189 em
573 2154 668 2189 esta
692 2143 981 2207 imquisicam
1010 2144 1068 2190 de
1100 2143 1282 2190 Lixboa
1314 2160 1360 2190 se
1390 2143 1685 2204 celebrat-am,
1718 2160 1791 2191 me

147 2215 367 2262 existente
392 2215 408 2241 ⁶·
442 2216 712 2281 inquisitore
744 2217 965 2264 hereticae
1000 2217 1252 2281 prauitatis.
1281 2218 1438 2265 Omde
1471 2235 1559 2281 por
1590 2235 1671 2264 sua
1704 2218 1792 2264 boa

200 2372 214 2397 ¹
271 2374 347 2413 Ms.
366 2372 646 2425 samguinem.

200 2434 217 2460 ²
272 2437 416 2475 Omisis
434 2439 634 2485 hucusque
654 2439 781 2484 dictis,
804 2439 852 2475 ab
872 2439 947 2475 hoc
966 2439 1055 2475 loco
1077 2438 1275 2475 exorditur
1294 2439 1335 2477 P.
1356 2438 1497 2475 Tenes.

201 2497 216 2522 ³
272 2499 447 2537 TELLEsz
471 2501 722 2546 «praedicant
747 2511 910 2547 regnum
934 2500 1019 2546 Dei,
1046 2505 1087 2537 vt
1112 2500 1289 2537 homines
1318 2501 1599 2547 poenitentiam
1628 2503 1788 2547 agant».

93 2608 96 2609 ⁷
149 2561 196 2598 Et
216 2562 264 2598 ad
286 2563 510 2609 marginem:
535 2564 667 2610 «juxta
687 2563 808 2600 Math.
831 2574 919 2609 cap.
942 2574 979 2610 3,
1001 2574 1038 2602 n.
1061 2574 1096 2599 2.
1119 2563 1414 2602 Entendendo...

203 2620 219 2646 ⁴
272 2624 449 2662 TELLsss:
475 2636 519 2661 «e
541 2626 750 2671 apartados
770 2626 817 2661 de
838 2635 957 2662 nossa
976 2629 1114 2661 sancta
1134 2625 1208 2662 fe».

203 2683 219 2709 ⁵
273 2687 447 2725 TELLEs:
473 2699 609 2725 «como
630 2699 700 2735 por
721 2689 966 2735 experiencia
985 2690 1025 2724 vi
1045 2699 1117 2725 nos
1137 2692 1245 2725 actos
1265 2689 1316 2724 da
1340 2688 1456 2726 Fe...»
1484 2688 1662 2735 Longum
1689 2692 1791 2724 esset

151 2749 371 2787 minutatim
385 2762 586 2788 recensere
607 2751 748 2797 omnia,
771 2762 869 2798 quae
889 2752 1070 2788 laudatus
1086 2756 1230 2797 auctor,
1246 2755 1396 2787 retenta
1414 2751 1620 2787 verborum
1635 2754 1792 2787 senten-

150 2812 216 2858 tia,
239 2813 404 2849 mutavit
424 2819 488 2850 aut
507 2815 727 2861 perpolivit.
750 2815 884 2861 Neque
908 2814 1008 2850 enim
1030 2815 1070 2850 in
1089 2814 1261 2850 animum
1282 2818 1458 2851 nostrum
1477 2814 1584 2850 venit
1602 2814 1789 2850 lectiones

151 2879 349 2922 annotare,
370 2877 510 2923 quibus
530 2878 698 2914 lusitana
718 2878 815 2914 haec
835 2878 1014 2924 exempla
1033 2877 1359 2915 discriminantur.

203 2934 218 2959 ⁶
275 2938 349 2975 Ms.
368 2935 776 2978 existemte.—Porro
796 2941 895 2976 inter
916 2941 1202 2988 «inquisidores
1222 2942 1384 2978 creados
1403 2950 1475 2987 por
1495 2940 1530 2976 el
1552 2936 1789 2976 Serenisimo

151 2998 344 3035 Cardenal
365 2999 556 3046 Eurique»
587 3006 808 3038 recensetur
838 3002 986 3038 ‹Pedro
1011 3002 1178 3039 Alvarez
1206 3003 1254 3039 de
1280 3003 1459 3048 Paredes,
1486 3001 1720 3038 Licenciado
1741 3010 1787 3036 en

152 3059 354 3098 Cdnones»
379 3062 584 3109 inquisitor
603 3066 851 3101 renunciatus
873 3076 945 3101 ‹en
967 3076 1015 3113 19
1037 3066 1085 3102 de
1105 3066 1256 3112 Agosto
1276 3067 1323 3102 de
1346 3075 1391 3114 15
1398 3074 1488 3114 52».
1505 3065 1659 3110 SOUSA‚
1687 3060 1785 3102 Ver-

152 3120 319 3163 dadero
339 3122 532 3175 origen...
557 3123 610 3163 de
635 3123 680 3163 la
707 3123 969 3176 Inquisicion
995 3138 1045 3165 en
1074 3125 1300 3178 Portugah
1331 3139 1420 3174 pag.
1451 3138 1538 3175 117.
1564 3127 1632 3163 Ille
1658 3129 1787 3162 autem
