2014 3528
811 253 833 288 2
862 261 951 297 MAJ1
984 244 1084 302 1556
1632 253 1708 300 319

879 452 905 485 1
917 453 940 485 1
951 451 1019 485 33

645 545 923 583 VALENTINI
954 545 1250 583 SENATORES

458 640 666 687 PATRI
707 641 1090 688 FRANCISCO
1125 640 1433 687 BORGIAE

666 737 871 763 VALENTIA
902 738 923 764 2
955 737 1043 773 MAJI
1078 725 1178 776 1556
1200 723 1228 762 ¹.

349 832 405 869 Ne
434 833 615 869 Valentia
642 834 680 870 P.
711 834 885 870 Ramirez
914 834 1100 880 discedat,
1130 833 1242 869 enixe
1271 833 1540 879 deprecantur.

932 957 964 1010 >r

202 1045 330 1091 Molt
351 1046 452 1094 R.nt
480 1062 644 1108 senyor
662 1063 691 1109 y
712 1045 839 1094 Pare.
862 1045 1092 1110 Obligans
1111 1013 1210 1092 tant
1234 1046 1275 1111 [a
1294 1045 1414 1092 bona
1433 1045 1538 1092 vida
1559 1062 1586 1108 y
1606 1060 1765 1092 exem-

134 1119 207 1182 ple
247 1119 303 1164 ab
347 1131 424 1166 tan
457 1119 602 1166 loable
635 1120 821 1166 exercici
863 1119 920 1167 de
950 1119 1202 1183 predicacio
1243 1120 1300 1167 de
1341 1130 1502 1184 aquest
1540 1132 1766 1178 reuerent,

133 1193 275 1239 deuot
301 1209 326 1254 y
351 1204 535 1239 seruent
557 1193 614 1239 de
639 1203 791 1238 nostre
814 1193 989 1254 Senyor
1013 1192 1056 1238 lo
1081 1192 1196 1239 Pare
1233 1193 1341 1240 M.re
1380 1192 1594 1238 Remires
1613 1191 1645 1252 2,
1679 1209 1769 1256 que

133 1266 399 1325 certifficant
427 1283 517 1314 vna
534 1284 562 1330 y
587 1266 750 1313 moltes
768 1267 964 1330 vegades
988 1283 1013 1312 a
1039 1267 1101 1314 V.
1126 1267 1178 1313 P.
1202 1267 1274 1313 del
1300 1266 1415 1313 molt
1433 1265 1652 1324 beneffici,
1678 1284 1768 1330 que

134 1351 318 1404 aquesta
342 1341 483 1387 ciutat
506 1358 533 1404 y
560 1340 626 1387 los
646 1341 868 1404 poblados
892 1341 949 1388 de
965 1341 1141 1405 aquella
1165 1341 1330 1387 hauem
1348 1341 1484 1387 rebut
1510 1358 1535 1404 y
1555 1341 1770 1387 rebemde

134 1433 296 1462 cascun
321 1416 395 1463 dia
418 1433 499 1480 per
522 1433 569 1462 sa
592 1417 866 1480 companyia
890 1434 920 1480 y
946 1416 1062 1462 molt
1082 1416 1247 1463 deuots
1265 1416 1453 1463 consells
1474 1433 1503 1479 y
1524 1415 1770 1463 catholichs

134 1492 416 1538 exortations
440 1492 497 1539 de
521 1503 654 1539 trona
679 1509 706 1555 y
726 1490 1057 1549 confabulaci63
1084 1509 1200 1538 nons
1220 1492 1389 1555 podem
1414 1508 1600 1538 excusat
1620 1492 1677 1538 de
1702 1489 1771 1537 fer

137 1583 192 1612 en
217 1577 401 1630 aquesta
424 1577 526 1629 part
550 1577 703 1612 nostre
726 1567 874 1630 degut
898 1566 1032 1623 offici,
1057 1566 1347 1613 demanamlo
1373 1582 1482 1630 pera
1506 1565 1642 1612 molts
1661 1565 1769 1622 dies,

136 1657 164 1702 y
189 1656 350 1704 quems
375 1639 476 1702 faga
510 1641 568 1687 V.
604 1641 653 1687 P.
688 1641 729 1687 la
757 1641 916 1687 caritat
950 1658 978 1704 y
1001 1640 1254 1687 consolacio
1285 1640 1343 1687 de
1376 1657 1423 1686 sa
1446 1639 1718 1703 companyia
1741 1657 1771 1703 y

135 1715 390 1778 exemplars
412 1715 641 1774 exerciqis,
666 1714 733 1762 los
757 1715 885 1780 quals
916 1715 1057 1762 tenim
1083 1732 1164 1779 per
1186 1726 1282 1762 cert
1311 1732 1401 1779 que
1431 1715 1524 1761 sien
1557 1726 1633 1761 tan
1659 1731 1770 1778 pro-

136 1789 311 1837 ffitosos
342 1785 458 1853 y'de
491 1789 619 1854 fruyt
651 1789 879 1848 manifest,
914 1807 1003 1855 que
1034 1807 1094 1837 no
1134 1790 1301 1853 podem
1334 1805 1490 1836 creure
1530 1806 1691 1852 menys
1714 1790 1772 1835 de

138 1865 382 1928 particular
406 1865 553 1929 gracia
577 1882 632 1911 en
657 1882 734 1912 seu
759 1866 900 1929 sperit
921 1882 948 1928 y
969 1865 1091 1924 vida,
1112 1882 1141 1928 y
1161 1881 1249 1929 que
1266 1881 1347 1928 per
1370 1864 1454 1910 ella
1472 1864 1566 1910 sien
1586 1863 1646 1910 les
1666 1881 1770 1910 nos-

140 1950 229 1989 tres
252 1939 469 1986 edifficats
493 1956 588 1985 mes
611 1939 950 1986 effectualment
979 1956 1069 2004 que
1100 1956 1181 2002 per
1212 1939 1336 2003 algu,
1368 1956 1397 1985 o
1429 1939 1523 1985 sien
1548 1949 1671 1996 stats,
1697 1938 1770 1985 del

140 2030 229 2076 que
252 2014 394 2059 tenim
419 2024 566 2060 recort
590 2031 645 2059 en
672 2014 733 2060 les
755 2013 1032 2060 conciencies
1059 2025 1248 2072 nostreS,
1279 2031 1308 2076 y
1333 2013 1429 2060 dels
1453 2029 1597 2077 quens
1613 2013 1770 2077 jnsten

140 2105 170 2151 y
194 2088 376 2153 ajudem
402 2105 427 2134 a
450 2088 589 2134 sentir
613 2107 641 2135 o
667 2106 693 2151 y
720 2089 846 2135 voler
871 2105 952 2152 per
976 2089 1032 2134 be
1052 2078 1177 2134 ¹molt
1209 2087 1434 2134 vniuersal
1468 2088 1539 2134 del
1572 2087 1771 2151 proisme

141 2173 308 2211 nostre.
327 2162 384 2209 V.
407 2162 456 2210 P.
483 2179 566 2209 nos
590 2163 648 2209 ha
670 2165 726 2210 de
751 2162 820 2209 fer
843 2174 936 2210 esta
959 2163 1108 2227 gracia
1132 2180 1158 2226 y
1185 2162 1350 2218 merce,
1370 2179 1451 2226 per
1471 2162 1586 2209 molt
1607 2162 1770 2226 special

139 2254 166 2299 y
203 2237 352 2296 chara,
379 2254 435 2284 en
466 2238 720 2285 consolaci6
751 2239 878 2285 desta
908 2238 1161 2302 republica,
1187 2238 1382 2284 mudant
1404 2255 1433 2284 o
1463 2248 1708 2301 sospenent
1731 2237 1772 2283 la

139 2312 388 2375 exparticio
413 2329 557 2376 quens
579 2312 718 2360 duien
743 2330 832 2377 que
858 2313 904 2360 te
930 2312 1021 2360 feta
1044 2313 1101 2360 de
1125 2329 1198 2359 sos
1216 2314 1379 2360 deuots
1401 2311 1638 2360 obedients
1657 2311 1687 2370 ³,
1714 2329 1771 2358 en

196 2501 208 2526 ¹
265 2503 322 2540 Ex
342 2508 582 2551 transumpto
604 2514 748 2541 coaevo
770 2504 808 2540 in
828 2504 905 2541 vol.
933 2500 1069 2542 Varia
1083 2500 1210 2550 Iffz’st„
1231 2503 1346 2540 unico
1367 2503 1472 2549 folio,
1489 2503 1633 2550 duplici
1654 2501 1770 2539 solito

141 2566 435 2613 magnitudinis,
464 2578 528 2604 nn.
555 2567 650 2614 464,
677 2567 898 2614 465.—-Ad
928 2577 1035 2602 oram
1066 2566 1261 2602 sinistram
1293 2566 1447 2602 chartae
1478 2576 1632 2612 manus,
1658 2566 1771 2602 nobis

141 2628 285 2674 ignota,
302 2629 370 2664 sed
388 2629 568 2665 distincta
589 2630 638 2665 ab
660 2639 716 2675 ea,
734 2639 831 2675 quae
849 2629 1055 2675 epistolam
1073 2629 1257 2675 exaravit,
1274 2629 1439 2675 scripsit:
1460 2641 1476 2662 ι
1494 2625 1583 2667 Vna
1596 2630 1771 2678 patente

142 2688 194 2728 de
212 2688 274 2728 los
290 2687 488 2735 Jurados
496 2702 530 2741 y
550 2688 713 2729 ciudad
727 2689 779 2728 de
810 2688 1009 2729 Valencz'a
1029 2701 1079 2728 en
1099 2687 1314 2728 alauanza
1335 2688 1386 2728 de
1406 2688 1450 2728 la
1472 2686 1660 2740 Comp.“›

166 2792 170 2796 ‚
195 2750 211 2775 ²
266 2753 305 2789 P.
326 2753 495 2790 Joannes
522 2754 713 2801 Ramirez‚
735 2754 840 2790 olim.
869 2753 941 2791 Bti.
969 2754 1084 2790 Avila
1111 2754 1340 2800 discipulus,
1364 2753 1603 2789 admirabilis
1630 2756 1770 2799 orator,

144 2815 192 2851 de
213 2826 289 2862 quo
311 2817 430 2853 multa
452 2818 500 2853 ad
523 2817 625 2853 hunc
645 2827 787 2853 annum
808 2817 910 2863 apud
935 2817 1144 2862 POLANCO,
1167 2820 1192 2853 t.
1213 2825 1278 2863 VI,
1300 2827 1387 2863 pag.
1411 2825 1484 2864 502
1509 2820 1545 2852 et
1565 2827 1685 2862 seqq.,
1705 2816 1771 2851 ubi

144 2889 270 2915 sermo
293 2883 350 2916 est
370 2880 417 2916 de
439 2880 604 2927 collegio
623 2880 834 2925 valentino,
857 2884 894 2916 et
912 2876 1013 2917 Litt.
1040 2876 1220 2927 Quadr„
1243 2883 1268 2916 t.
1290 2886 1346 2926 Ν,
1368 2890 1454 2926 pag.
1476 2888 1547 2926 277
1572 2882 1608 2915 et
1628 2888 1717 2925 470.

195 2938 210 2963 ³
267 2941 329 2978 Ad
349 2953 428 2978 rem
448 2942 663 2988 POLANCO,
684 2947 710 2979 t.
731 2951 795 2988 Vl,
822 2953 908 2988 pag.
935 2950 1024 2989 507,
1050 2952 1087 2977 n.
1111 2951 1231 2988 2197:
1256 2942 1471 2978 «Nobilitas
1491 2941 1596 2977 urbis
1619 2940 1772 2987 potissi·

143 3013 246 3040 mum
269 3014 354 3040 eum
378 3001 448 3054 [sc.
469 3006 620 3041 Patrem
643 3002 831 3055 Ramirez]
857 3005 1102 3052 sequebatur;
1123 3008 1160 3040 et
1181 3015 1268 3040 cum
1288 3005 1465 3041 timerent
1484 3015 1570 3040 eum
1590 3003 1772 3040 Valentia

146 3068 407 3104 revocandum
429 3078 529 3114 esse,
550 3066 688 3104 litteris
710 3079 731 3104 a
751 3068 791 3105 Ρ.
812 3067 1020 3104 Francisco
1041 3067 1182 3113 Borgia
1207 3078 1292 3103 eum
1314 3067 1518 3114 impetrare
1539 3066 1769 3113 nitebantur,

142 3132 185 3164 ut
205 3133 306 3166 certe
327 3131 375 3166 ad
397 3131 554 3177 aliquod
577 3134 727 3176 tempus
746 3130 950 3166 Valentiae
971 3134 1306 3168 commoraretur.»
