2008 3510
629 245 758 285 lnmzx
786 258 1056 286 PERSONARUM
1091 260 1146 286 ET
1174 260 1315 287 RERUM

179 353 289 399 Pico,
330 353 534 400 religiosus
573 353 642 399 vir,
677 364 930 400 caesaraugu-

234 419 384 461 stanus,
405 426 493 463 792,
521 426 609 464 793.

181 477 303 522 Piera,
320 477 503 522 magister
517 477 538 512 J
542 487 690 514 oannes
705 479 764 523 de,
786 488 875 527 495.

181 538 415 585 Pignatelli,
468 538 682 585 Camillus,
736 540 932 587 sequentis

235 601 348 646 filius,
385 611 474 650 729.

182 662 398 710 Pignatelli,
424 663 577 709 Hector,
610 665 687 699 dux
713 665 759 699 de
786 664 933 700 Monte-

235 725 368 771 leone,
416 724 620 762 Societatis
663 726 933 772 neapolitanae

236 786 371 833 fautor,
405 787 494 837 364;
528 789 574 824 de
608 789 812 835 gymnasio
837 789 933 824 Nea-

235 850 313 894 poli
343 850 558 894 condendo,
583 851 665 897 jam
695 861 798 886 anno
832 859 930 899 1551

236 911 845 962 ἃεῑῒ,728-73ο;ν-743,744·

182 974 380 1019 Pimentel,
414 974 652 1021 Alphonsus,
674 985 802 1011 comes
829 974 866 1010 V
886 974 932 1010 de

235 1035 467 1082 Benavente,
493 1035 578 1073 166.

182 1097 380 1142 Pimentel,
401 1097 446 1133 A.
469 1097 706 1143 Alphonsus,
731 1106 860 1133 comes
878 1096 934 1132 VI

235 1161 282 1195 de
303 1160 536 1206 Benavente,
558 1160 746 1207 Mayorga
763 1164 798 1195 et
813 1159 935 1195 Villa-

235 1218 313 1266 lon,
340 1221 425 1258 166.

182 1284 382 1328 Pimentel,
401 1284 584 1328 Joannes,
613 1284 786 1329 clericus,
816 1283 935 1319 abbas

237 1349 276 1381 et
298 1345 404 1391 prior
430 1345 478 1381 de
503 1345 710 1392 Junquera,
742 1345 844 1381 filius
870 1344 936 1380 Al-

235 1407 375 1453 phonsi
401 1407 600 1454 Pimentel,
636 1408 790 1444 comitis
818 1407 854 1443 V
888 1407 935 1442 de

235 1469 468 1515 Benavente,
494 1468 579 1506 166.

181 1532 381 1578 Pimentel,
405 1532 574 1568 Joannes
600 1531 836 1578 Alphonsus,
871 1542 936 1568 co-

236 1604 318 1630 mes
337 1594 428 1631 VIII
448 1595 496 1630 de
511 1594 745 1640 Benavente,
765 1593 851 1631 166.

183 1657 383 1702 Pimentel,
411 1657 623 1703 Ludovica‚
649 1662 769 1704 nupta
793 1656 935 1694 Joanni

237 1719 404 1755 Alvarez
424 1719 470 1755 de
491 1719 651 1765 Toledo,
679 1719 810 1755 comiti
830 1719 866 1754 V
887 1719 934 1754 de

238 1782 422 1829 Oropesa,
446 1782 532 1819 166.

183 1845 383 1890 Pimentel,
403 1844 636 1890 Ludovicus,
659 1854 788 1880 comes
803 1843 875 1880 VII
889 1844 936 1879 de

238 1906 459 1941 Benavente
481 1916 526 1941 ac
543 1905 743 1952 Mayorga,
770 1904 854 1942 166.

185 1967 383 2014 Pimentel,
418 1967 554 2013 Maria,
586 1972 707 2013 nupta
738 1967 937 2003 Friderico

240 2031 286 2065 de
312 2029 460 2066 Toledo
491 2028 538 2078 (F
542 2028 733 2078 adrique),
766 2029 855 2065 duci
889 2030 938 2064 de

239 2089 423 2136 Hue'scar,
447 2089 532 2127 166.

186 2153 374 2190 Pimentel
391 2157 427 2188 et
442 2153 642 2198 Almansa,
664 2152 937 2198 Bernardinus,

241 2216 414 2252 marchio
433 2215 450 2252 I
469 2216 516 2251 de
536 2213 699 2261 Tavara,
728 2211 816 2261 166,
845 2225 936 2265 305,

245 2277 334 2327 645.

188 2339 346 2385 Pinedo,
367 2339 535 2386 quidam,
561 2348 645 2387 124.

188 2402 355 2447 Pinelio,
394 2401 656 2447 Augustinus,
696 2399 774 2435 dux
817 2399 940 2445 reipu-

243 2463 369 2499 blicae
389 2462 608 2508 genuensis,
629 2471 720 2510 422,
742 2471 832 2510 423.

189 2525 313 2571 Pinto,
334 2524 575 2570 Franciscus,
604 2534 623 2559 e
654 2522 846 2559 Societate
867 2523 941 2570 eJe-

245 2590 341 2631 ctus,
370 2597 458 2635 779.

191 2650 314 2694 Pinto,
337 2647 479 2694 Sixtus,
507 2647 542 2684 S.
563 2648 611 2693 J.,
640 2648 739 2683 male
759 2651 939 2692 tentatur,

251 2709 340 2759 782.

192 2773 321 2817 Pir'ias,
342 2771 381 2807 P.
403 2771 616 2816 Balthasar,
639 2769 674 2807 S.
691 2769 737 2816 J.,
759 2780 944 2807 memora-

247 2834 341 2870 bilia
371 2834 418 2869 de
449 2833 566 2869 sociis
599 2832 875 2878 gandiensibus
907 2835 945 2868 et

249 2895 611 2941 caesaraugustanis
632 2894 839 2930 memoriae
858 2904 946 2940 pro—

250 2958 318 3002 dit,
339 2957 388 2993 ad
408 2956 641 2992 incunabula
670 2956 806 2992 horum
832 2955 947 2992 colle-

250 3020 399 3066 giorum
419 3017 648 3064 spectantia,
670 3015 853 3066 817-823.

197 3082 266 3119 Pio
293 3081 332 3118 di
360 3080 486 3126 Carpi,
513 3079 730 3124 LeonelluS,
756 3078 947 3125 Rodulphi

1619 249 1693 300 871

1057 355 1263 391 cardinalis
1306 359 1426 401 pater,
1473 355 1684 393 Meldulam
1728 368 1752 393 a

1056 417 1198 453 nostris
1223 418 1306 453 vult
1331 415 1474 464 excoli,
1495 429 1586 467 342,
1611 418 1688 468 378
1715 423 1754 455 et

1057 489 1176 526 seqq.;
1208 480 1440 526 hospitalem
1473 481 1630 517 domum
1659 482 1749 517 mel-

1058 544 1255 579 dulensem
1282 544 1423 580 nostris
1442 544 1559 580 tradit
1584 545 1633 580 ad
1659 549 1753 582 tem-

1059 615 1130 651 pus
1174 605 1455 651 corrigendam,
1501 605 1591 655 384;
1639 617 1753 652 aegre

1059 667 1132 703 fert
1163 668 1376 704 discessum
1408 668 1532 705 Patris
1562 668 1753 713 Androtii,

1059 729 1754 780 441,442‚450‚461‚4623v·432›

1059 802 1148 840 477,
1182 801 1273 840 4923
1312 792 1394 838 ejus
1430 802 1539 839 uxor,
1580 797 1756 828 matrona.

1060 853 1297 900 dignissima,
1330 854 1520 899 laudatur,
1547 864 1637 904 342,
1665 853 1755 903 384,

1060 926 1149 963 451,
1171 924 1261 963 45²,
1282 925 1371 964 494·

1006 977 1075 1013 Pio
1095 977 1142 1012 de
1163 976 1289 1022 Carpi,
1311 976 1556 1023 Rodulphus,
1583 977 1759 1013 cardina-

1061 1040 1127 1082 lis,
1173 1043 1369 1085 protector
1411 1038 1631 1086 Societatis,
1669 1039 1757 1089 176,

1062 1113 1152 1150 339,
1185 1113 1275 1150 394,
1303 1100 1392 1151 396,
1424 1101 1513 1150 398,
1547 1113 1638 1151 442,
1666 1114 1757 1152 494,

1061 1162 1374 1212 64Ῑ,647,743

1008 1225 1076 1261 Pio
1101 1225 1139 1260 di
1169 1224 1296 1270 Carpi,
1325 1225 1601 1271 Theodericus,
1630 1224 1759 1262 faven-

1062 1288 1230 1324 tinorum
1251 1288 1423 1334 antistes,
1446 1287 1535 1337 378,
1562 1298 1655 1337 452.

1008 1351 1116 1387 Pirez
1137 1350 1377 1396 Ambrosius,
1400 1350 1435 1386 S.
1449 1351 1496 1396 J.,
1520 1352 1620 1387 male
1637 1355 1760 1387 tenta-

1063 1418 1136 1459 tur,
1159 1412 1246 1462 782.

1010 1475 1109 1522 Pisa,
1135 1476 1174 1513 P.
1196 1476 1421 1523 Alphonsus
1451 1477 1510 1523 de,
1538 1476 1574 1513 S.
1594 1477 1641 1522 J.,
1668 1475 1758 1526 369,

1062 1537 1263 1588 446‚449·

1009 1600 1120 1636 Pisae
1144 1598 1276 1650 (Pisa),
1297 1611 1400 1646 opp„
1424 1611 1485 1648 17,
1509 1610 1598 1649 350.

1009 1662 1209 1699 Pisaurum
1224 1659 1413 1711 (Pesaro),
1435 1673 1536 1709 opp„
1558 1673 1649 1711 340,
1671 1672 1761 1711 572,

1010 1723 1206 1814 Plggffitia
1233 1775 1481 1827 (Plasencia),
1508 1787 1594 1824 opp.
1626 1777 1762 1823 Hispa-

1063 1841 1162 1886 niae,
1196 1849 1260 1890 3o;
1280 1841 1449 1887 gaudent
1467 1840 1677 1886 placentini
1696 1850 1763 1887 gy—

1064 1902 1254 1938 mnasium
1288 1901 1494 1938 Societatis
1521 1902 1623 1948 apud
1657 1902 1762 1948 ipsos

1065 1964 1272 2010 aedificari,
1294 1974 1356 2013 31,
1378 1973 1441 2013 32;
1462 1975 1496 2001 v.
1522 1974 1584 2013 55,
1613 1975 1676 2013 59,
1698 1974 1761 2012 90,

1065 2039 1128 2077 93,
1147 2026 1233 2072 106,
1254 2037 1340 2076 142,
1360 2037 1444 2076 147,
1463 2025 1549 2076 148,
1570 2025 1656 2074 164,
1674 2025 1761 2075 169,

1069 2088 1156 2135 188,
1192 2099 1280 2139 239,
1321 2099 1411 2138 302,
1447 2099 1536 2138 303,
1572 2087 1761 2137 316-318,

1065 2160 1155 2200 527,
1173 2149 1262 2200 528,
1277 2149 1365 2200 813,
1381 2149 1470 2195 822;
1484 2149 1657 2196 episcopi
1670 2150 1763 2185 libe-

1067 2212 1212 2258 ralitas,
1242 2212 1330 2261 1693
1359 2216 1395 2247 et
1419 2212 1562 2248 civium
1586 2211 1762 2258 exempla

1065 2275 1211 2321 optima
1222 2275 1262 2310 in
1274 2285 1473 2321 pauperes,
1491 2273 1676 2320 616-62o;
1689 2273 1763 2320 pri-

1066 2348 1129 2373 ma
1148 2337 1334 2383 cogitatio
1354 2336 1581 2372 instituendi
1608 2335 1761 2382 collegii

1067 2409 1169 2435 anno
1199 2409 1311 2448 1552,
1341 2409 1427 2448 751.

1012 2461 1224 2505 Platamon,
1243 2460 1263 2495 J
1268 2470 1424 2506 oannes,
1446 2470 1534 2509 749.

1013 2523 1140 2568 Plaza,
1167 2523 1207 2559 P.
1237 2523 1407 2558 Joannes
1434 2522 1480 2558 de
1500 2522 1550 2568 la,
1579 2520 1614 2557 S.
1641 2521 1687 2567 J.,
1717 2531 1764 2557 ex

1068 2585 1266 2621 academia
1276 2584 1471 2631 siguntina
1479 2584 1518 2619 in
1531 2583 1762 2620 Societatem

1031 2661 1038 2670 ·
1068 2647 1207 2693 evolat,
1230 2656 1293 2695 41;
1314 2647 1503 2683 tironibus
1517 2646 1764 2682 instituendis

1067 2708 1300 2755 praeficitur,
1335 2708 1424 2759 236,
1447 2718 1537 2758 297,
1559 2707 1648 2758 298,
1671 2718 1763 2757 425,

1126 2770 1162 2807 6.

1015 2782 1175 2879 Ροέἐίο,
1183 2833 1204 2869 J
1207 2843 1363 2878 oannes,
1375 2833 1595 2878 cardinalis,
1606 2833 1764 2869 nuntius

1071 2895 1164 2931 olim
1184 2894 1223 2930 in
1244 2894 1443 2940 Hispania,
1462 2893 1551 2943 644,
1568 2904 1656 2943 747,
1674 2905 1764 2943 794.

1018 2957 1201 3003 Polanco,
1234 2954 1520 3002 Bernardinus?,
1557 2955 1593 2992 S.
1626 2956 1673 3002 J.,
1703 2965 1766 2992 res

1072 3017 1364 3054 vallisoletanas
1401 3017 1544 3062 scribit,
1578 3026 1764 3066 730-733.

1021 3080 1203 3125 Polanco,
1224 3079 1262 3115 P.
1279 3078 1449 3115 Joannes
1465 3077 1689 3124 Alphonsus
1705 3079 1765 3124 de,
