2008 3510
742 231 788 270 18
817 231 1005 272 Aucus'n
1036 233 1137 284 1548
1624 229 1704 283 669

74 400 79 409 1
126 339 188 387 tia
217 343 270 386 18
296 339 341 387 d’
361 340 542 404 Agosto
573 341 705 400 1548.
736 322 1004 386 Humilimo
1027 338 1211 398 set-uuio
1234 338 1281 385 di
1315 338 1373 384 V.
1400 339 1459 395 S„
1483 337 1566 383 che
1592 337 1620 383 li
1651 336 1751 383 suoi

126 413 390 461 sanctissimi
416 414 536 477 piedi
562 413 706 472 bassa,

1002 482 1222 528 ANDREA
1248 480 1557 527 LIPPOMANI.

192 601 240 646 A
259 610 394 663 tergo.-
432 599 578 663 Copia
602 599 659 646 de
683 617 774 647 una
796 600 868 648 del
892 600 1018 664 prior
1039 599 1052 626 ¹
1077 617 1186 664 para
1209 617 1262 646 su
1286 599 1507 646 santidad.

184 778 198 804 ¹
254 781 433 817 Andreas
458 781 711 827 Lipomanus,
732 782 836 828 prior
859 782 1124 818 sanctissimae
1151 781 1363 818 Trinitatis.
1382 780 1597 816 Videantur
1617 776 1751 829 Epist.

129 838 310 888 llffixtae,
331 846 358 880 t.
378 851 404 888 1,
427 854 512 890 pag.
537 852 723 891 570-574,
745 848 782 879 et
801 844 1008 890 POLANCO,
1028 848 1054 881 t.
1075 852 1103 891 Ι,
1122 854 1208 890 pag.
1233 852 1420 890 272-274,
1442 854 1480 879 n.
1503 853 1591 889 234,
1613 853 1659 878 ex
1679 853 1755 888 quo
1801 876 1807 886 ,

114 904 226 940 ·haec
246 905 357 951 juvat
384 906 619 943 describere:
645 906 756 942 ‹Fuit
776 906 930 952 quidem
952 907 998 942 ab
1021 906 1194 943 amicis...
1215 906 1410 952 negotium
1431 906 1505 941 hoc
1524 902 1587 953 [de
1606 914 1755 950 posses-

133 967 241 1002 sione
261 967 465 1013 prioratus,
487 969 663 1015 collegiis
682 969 866 1014 patavino
893 973 929 1005 et
953 972 1093 1005 veneto
1113 968 1223 1011 uniti,
1244 965 1446 1016 capienda]
1467 967 1506 1003 in
1526 966 1756 1004 Senatorum

129 1029 319 1076 Collegio‚
339 1030 494 1066 Litteris
515 1031 630 1066 etiam
652 1031 890 1077 Apostolieis
909 1031 1104 1076 adductis,
1125 1031 1366 1078 propositum
1393 1034 1430 1066 et
1456 1041 1479 1065 a
1504 1029 1756 1066 Senatoribus

129 1093 166 1128 in
189 1093 322 1138 primis
342 1095 704 1139 commendatum...;
725 1095 793 1130 sed
819 1095 910 1140 quia
929 1094 967 1130 in
988 1094 1152 1130 consilio
1173 1104 1332 1140 magno,
1353 1103 1466 1139 quem
1486 1097 1626 1129 vocant
1646 1103 1756 1138 roga-

128 1155 284 1201 torium‚
308 1166 368 1191 res
391 1160 473 1192 erat
498 1157 718 1202 tractanda,
739 1156 987 1192 difficultates
1009 1157 1161 1203 aliquae
1182 1157 1334 1193 interim
1354 1156 1532 1201 obortae,
1555 1166 1577 1191 a
1597 1165 1755 1191 consan-

126 1218 296 1263 guineis,
318 1222 359 1254 ut
388 1218 567 1263 creditur,
589 1219 732 1255 Prioris
759 1219 968 1264 excitatae,
989 1230 1066 1255 rem
1095 1220 1239 1256 differri
1269 1222 1489 1266 coegerunt.
1516 1218 1756 1264 Impediebat

128 1280 227 1315 inter
247 1285 397 1316 caetera
410 1309 419 1325 ,
442 1281 545 1327 quod
566 1291 667 1317 nova
691 1282 756 1327 pia
782 1282 869 1318 loca
887 1282 1064 1320 Venetiis
1083 1282 1251 1326 institui,
1272 1282 1358 1328 lege
1378 1281 1545 1327 quadarn
1565 1280 1670 1316 illius
1690 1279 1757 1316 Se-

128 1347 258 1388 natus,
287 1347 368 1378 erat
400 1343 647 1389 prohibitum.
680 1344 733 1380 At
763 1344 802 1380 in
834 1345 908 1380 hoc
937 1344 1093 1390 negotio
1124 1345 1201 1380 duo
1230 1343 1512 1380 consideranda
1540 1346 1754 1387 occurrunt;

130 1405 292 1440 alterum
313 1410 371 1441 est
394 1405 435 1441 P.
455 1405 595 1452 Ignatii
622 1416 772 1442 summa
799 1406 1000 1453 diligentia
1026 1410 1105 1442 tarn
1132 1407 1172 1442 in
1198 1406 1322 1453 ipso...
1348 1406 1479 1442 Priore
1507 1404 1754 1441 animando...

131 1464 264 1516 [quam
285 1466 341 1516 in]
363 1468 502 1503 litteris
525 1479 546 1503 a
566 1468 758 1514 primariis
778 1469 1049 1506 Cardinalibus
1074 1473 1111 1506 et
1133 1469 1352 1515 Principum
1373 1468 1530 1514 legatis,
1551 1467 1628 1503 imo
1649 1470 1686 1502 et
1704 1467 1754 1502 ab

133 1530 217 1576 ipso
238 1530 397 1566 Summo
418 1530 602 1567 Pontifice
623 1531 842 1568 curandis...
863 1531 1038 1567 Alterum
1059 1535 1116 1567 est
1134 1531 1236 1577 quod
1257 1531 1390 1566 divina
1411 1529 1573 1566 Bonitas
1592 1540 1668 1566 non
1689 1540 1756 1575 per

130 1603 175 1629 ea
196 1593 342 1639 media,
365 1593 433 1629 sed
461 1593 538 1630 alia
563 1594 711 1630 ratione
736 1594 931 1640 negotium
958 1598 1080 1630 totum
1107 1593 1268 1630 feliciter
1295 1593 1502 1629 admodum
1522 1592 1751 1630 confecit...»

126 1655 212 1692 Jam
238 1656 338 1692 inter
365 1657 480 1701 alios,
504 1666 664 1702 quorum
686 1657 835 1693 litterae
856 1656 1193 1693 commendatitiae
1219 1656 1269 1692 ab
1294 1655 1445 1702 Ignatio
1471 1661 1629 1702 rogatae
1654 1659 1754 1700 sunt,

129 1717 327 1764 Philippus
354 1721 454 1761 erat,
474 1717 747 1764 Hispaniarum
775 1719 971 1765 princeps:
994 1719 1106 1767 hujus
1125 1729 1217 1755 vero
1243 1719 1392 1755 litteras
1419 1729 1487 1765 per
1506 1717 1754 1754 Franciscum

128 1780 309 1827 Borgiam
324 1780 555 1817 obtinendas
571 1791 667 1827 esse,
684 1781 862 1818 novimus
878 1792 925 1818 ex
939 1782 980 1819 P.
995 1781 1151 1818 Andrea
1165 1783 1212 1818 de
1231 1781 1393 1826 Oviedo,
1411 1781 1488 1828 qui,
1506 1781 1587 1817 Sto.
1604 1780 1754 1826 Ignatio

127 1843 342 1879 rescribens
362 1844 385 1880 8
406 1842 517 1880 Febr.
539 1843 657 1890 1548,
679 1844 749 1880 ait:
774 1844 851 1880 ‹La
869 1844 1003 1880 vltima
1022 1855 1095 1891 que
1116 1844 1163 1880 he
1190 1844 1369 1880 recebido
1399 1855 1423 1880 a
1449 1844 1535 1880 sido
1555 1844 1602 1879 de
1631 1854 1681 1887 24
1707 1843 1754 1878 de

127 1905 369 1951 Noviembre‚
385 1905 606 1951 duplicada.
623 1906 657 1941 Y
672 1910 816 1952 quanto
835 1903 859 1942 ὁ,
877 1906 915 1943 10
935 1917 1009 1953 que
1029 1917 1075 1942 en
1093 1907 1167 1943 ella
1187 1917 1228 1943 se
1249 1907 1426 1943 contiene
1448 1917 1521 1953 que
1540 1916 1591 1952 yo
1611 1906 1753 1941 hiziese

127 1965 238 2005 corno
256 1968 290 2004 el
309 1969 424 2004 senor
441 1968 618 2015 Duque...
636 1969 765 2005 oviese
785 1979 860 2005 vna
881 1973 986 2005 carta
1006 1969 1068 2005 del
1088 1967 1264 2015 Principe
1283 1979 1378 2015 para
1398 1969 1458 2005 los
1478 1968 1526 2004 de
1541 1967 1751 2016 Veneeia...

127 2041 214 2067 creo
234 2041 284 2077 ya
305 2042 325 2066 a
345 2031 483 2066 escrito
501 2031 537 2067 al
551 2028 728 2076 Principe
748 2031 860 2067 sobre
876 2031 915 2067 la
930 2035 1099 2068 carta...»
1118 2028 1254 2081 Epist.
1270 2027 1453 2076 immae,
1471 2035 1496 2066 t.
1514 2038 1540 2076 1,
1557 2040 1652 2076 pag.
1662 2030 1751 2075 466,

128 2094 218 2140 467.
239 2093 367 2139 Ipsam
387 2097 514 2129 autem
534 2092 701 2139 Philippi
722 2093 937 2140 epistolam,
959 2093 1047 2129 duci
1066 2093 1316 2129 Venetiarum
1337 2093 1486 2138 datam,
1510 2092 1753 2128 exhibuimus

128 2166 256 2202 supra,
278 2155 317 2191 in
337 2156 421 2192 eod.
442 2155 533 2200 vol.‚
554 2165 641 2201 pag.
664 2163 752 2202 570,
774 2156 918 2192 omisso
938 2155 1158 2201 scriptionis
1185 2155 1259 2201 die,
1281 2166 1356 2202 quo
1379 2155 1537 2191 carebat
1559 2154 1754 2199 exemplar

127 2220 360 2266 litterarum,
381 2229 458 2266 quo
476 2218 537 2254 usi
564 2228 709 2256 sumus.
730 2218 868 2254 Postea
886 2228 978 2254 vero
1004 2218 1109 2254 aliud
1133 2228 1264 2254 earum
1289 2218 1501 2254 litterarum
1523 2217 1751 2262 exemplum,

127 2286 406 2329 transumptum
429 2282 583 2329 quidem
603 2292 800 2328 coaevum,
822 2281 1031 2328 reperimus
1057 2281 1096 2317 in
1116 2281 1190 2318 vol.
1214 2278 1351 2331 Epist.
1371 2278 1615 2325 variorum,
1638 2279 1753 2315 unico

129 2344 234 2397 fqlio,
255 2356 292 2382 n.
319 2357 379 2391 12,
400 2345 504 2392 prius
523 2345 613 2391 476,
635 2344 840 2390 Compluto
863 2356 912 2380 20
932 2343 1128 2381 Februarii
1154 2344 1254 2391 1548
1283 2345 1457 2388 missum,
1480 2343 1517 2379 in
1538 2353 1614 2389 quo
1634 2342 1752 2388 paulo

128 2406 227 2443 infra
246 2406 567 2452 subscriptionem
587 2406 683 2442 haec
701 2406 891 2452 leguntur,
909 2416 1023 2441 manu
1039 2405 1161 2441 Patris
1175 2405 1345 2442 Polanco
1363 2408 1531 2441 exarata:
1551 2402 1751 2450 «Despues

129 2480 202 2515 que
221 2469 488 2515 despacharon
513 2469 571 2504 las
598 2468 741 2514 bullaS‚
765 2478 806 2504 se
826 2465 930 2504 torno
952 2478 1025 2504 oon
1052 2468 1146 2504 ellas
1170 2468 1208 2503 la
1232 2465 1455 2514 possession
1485 2466 1703 2513 espiritual,
1724 2476 1751 2512 y

130 2530 224 2568 salta
244 2533 328 2568 sola
353 2533 390 2568 la
416 2531 622 2578 temporal‚
643 2531 756 2568 sobre
786 2531 823 2566 la
848 2531 938 2577 qual
960 2532 994 2567 el
1020 2541 1166 2567 mesmo
1186 2531 1304 2577 padre
1322 2535 1434 2567 santo
1454 2530 1503 2566 ha
1523 2530 1690 2566 hablado
1714 2529 1750 2565 al

130 2595 364 2630 embaxador
382 2595 428 2629 de
449 2594 692 2638 venecianos,
714 2604 806 2639 para
832 2604 906 2639 que
931 2594 978 2629 de
1004 2604 1048 2630 su
1074 2597 1181 2639 parte
1201 2593 1329 2629 scriua
1349 2591 1371 2628 a
1392 2594 1429 2628 la
1454 2589 1609 2628 senoria
1635 2592 1750 2627 sobre

62 2671 65 2673 >
129 2660 224 2703 esto,
244 2667 270 2703 y
291 2657 340 2692 ha
365 2656 557 2692 mandado
584 2656 640 2692 asi
666 2666 812 2692 mesmo
839 2657 1052 2702 despachar
1071 2666 1120 2692 vn
1146 2657 1274 2693 breue.
1296 2656 1378 2693 Con
1398 2655 1490 2691 todo
1512 2655 1600 2700 ello,
1623 2665 1691 2701 por
1714 2654 1749 2689 el

130 2717 240 2754 fauor
259 2729 332 2764 que
359 2719 487 2754 tienen
514 2715 582 2753 alli
607 2718 666 2754 los
691 2728 764 2764 que
785 2717 946 2754 resisten
967 2729 1036 2764 por
1057 2728 1101 2754 su
1122 2718 1304 2754 interesse
1331 2715 1354 2754 a
1380 2719 1417 2754 la
1438 2717 1615 2765 justicia,
1638 2727 1688 2753 no
1708 2727 1749 2753 se

131 2781 251 2817 acaba
270 2781 309 2817 la
328 2791 433 2827 cosa,
452 2791 478 2827 y
500 2781 536 2816 la
556 2781 654 2816 letra
673 2781 719 2816 de
741 2779 780 2816 S.
800 2780 847 2817 A.
868 2778 967 2817 seria
991 2781 1038 2817 de
1058 2781 1341 2827 importantia.»
