2040 3528
273 276 323 327 76
737 273 973 312 EPISTOLAE
1001 272 1282 311 M1xTAE—10
1286 284 1336 324 59

217 383 322 430 Idio
345 393 390 428 et
414 382 470 428 de
497 381 536 425 la
560 390 688 425 santa
720 379 906 426 echesia.
946 378 1046 425 Che
1077 378 1256 426 diremo
1291 378 1348 431 de
1379 378 1581 435 Vienna,
1619 377 1676 424 de
1710 378 1857 442 questi

219 454 509 521 predicatori,
540 453 569 499 li
603 452 742 516 qualli
772 452 867 499 cosi
898 452 1180 517 gua[sta]no
1216 463 1339 499 tutto
1375 452 1405 499 il
1441 452 1615 516 populo
1653 469 1741 498 con
1772 469 1860 499 suo

220 531 471 596 predicare?
501 528 692 574 Mentre
717 527 801 574 che
820 528 849 574 il
865 545 914 574 re
932 527 1227 575 Ferdinando
1246 539 1376 574 staua
1394 527 1441 574 in
1465 529 1695 592 Augusta,
1722 527 1750 574 il
1776 545 1861 574 suo

217 603 428 669 figliolo¹
464 603 607 647 hauea
642 602 719 666 qui
752 619 816 648 vn
847 602 1132 666 predicatore
1151 601 1185 660 ²,
1225 602 1363 648 credo
1396 619 1477 666 per
1508 602 1550 648 la
1584 602 1703 649 mala
1738 601 1862 649 fama

219 697 301 726 sua
320 677 602 733 conosciuto‚
623 675 735 722 forsi
761 676 878 723 insin
904 677 962 724 ad
986 677 1128 724 Italia.
1155 676 1289 723 Della
1314 693 1395 722 sua
1418 675 1664 723 infectione
1688 676 1860 740 parreci

221 754 374 799 hanno
398 751 556 797 scritto
581 751 619 796 al
646 767 694 795 re
718 751 890 811 veccio,
916 751 955 797 al
986 752 1110 813 Jona
1130 751 1161 810 ³,
1187 750 1227 797 al
1258 750 1492 797 labacense
1512 749 1540 798 ⁴.
1575 751 1613 797 F
1617 751 1863 798 inalmente

220 843 316 873 non
341 843 386 872 se
411 826 469 872 ha
494 836 661 888 potuto
685 825 824 883 altro,
854 843 997 873 senon
1032 827 1115 873 che
1149 843 1196 872 se
1232 837 1412 872 notasse
1447 825 1530 871 che
1561 842 1662 871 cose
1695 825 1863 872 dicesse

217 913 380 947 contra
417 900 458 946 la
498 900 701 946 dottrina
729 900 965 948 catholica.
1001 901 1146 964 Dopo
1177 917 1222 946 se
1256 916 1312 945 ne
1345 899 1466 945 ando
1499 898 1539 944 al
1573 916 1657 945 suo
1689 898 1862 946 benefi-

219 977 292 1021 cio
317 987 361 1022 et
386 975 546 1038 patria,
572 976 693 1021 doue
718 974 780 1021 lui
805 991 879 1020 era
903 986 1023 1022 stato
1047 975 1276 1021 chiamato
1307 974 1354 1020 in
1385 973 1566 1019 Vienna
1599 972 1641 1019 al
1672 989 1720 1019 re
1755 973 1865 1019 Ma-

222 1049 457 1096 ximiliano
479 1048 508 1095 ⁵.
538 1050 592 1095 Se
617 1050 753 1112 potra
778 1049 1013 1112 prohibire
1037 1050 1120 1095 che
1146 1066 1238 1096 non
1263 1058 1467 1095 tornasse
1491 1047 1644 1111 quello
1669 1047 1864 1106 huomo,

220 1124 341 1170 oltra
364 1123 480 1170 della
505 1124 653 1169 catiua
676 1140 756 1170 sua
774 1124 979 1170 dottrina
998 1123 1190 1182 infame,
1210 1140 1292 1187 per
1311 1122 1354 1169 la
1372 1122 1629 1169 concubina
1647 1139 1676 1168 o
1697 1121 1867 1186 moglie

224 1200 432 1260 (comme
456 1198 655 1260 dicono)
691 1215 777 1244 con
809 1198 868 1244 sei
894 1216 923 1244 o
947 1210 1061 1244 sette
1095 1198 1271 1262 figlioli.
1310 1198 1524 1244 Tornato
1550 1196 1577 1243 il
1604 1214 1651 1243 re
1674 1197 1731 1244 de
1754 1198 1865 1242 Au-

223 1285 373 1337 gusta,
401 1274 443 1318 lo
470 1274 527 1318 ha
555 1273 722 1319 sentito
747 1273 896 1319 insino
923 1290 948 1319 a
972 1274 1112 1337 hoggi
1140 1273 1389 1320 exclusiue:
1417 1273 1460 1318 lo
1486 1273 1544 1318 ha
1568 1272 1736 1319 sentito
1762 1288 1867 1335 pre-

221 1350 372 1396 dicare
397 1349 425 1395 il
452 1348 711 1396 labacense:
738 1366 834 1395 non
857 1349 888 1396 li
912 1348 1085 1408 satisfai,
1111 1349 1156 1396 ni
1182 1348 1222 1395 al
1243 1366 1306 1406 re,
1328 1348 1373 1395 ni
1399 1348 1437 1395 al
1466 1348 1609 1396 Rmo.
1635 1347 1867 1395 labacense

226 1434 388 1487 questo
413 1423 660 1486 predicare.
687 1423 818 1471 Vede
843 1423 871 1470 il
897 1424 1038 1488 padre
1061 1424 1144 1471 che
1169 1441 1261 1470 non
1286 1440 1425 1470 senza
1448 1440 1581 1469 causa
1601 1434 1647 1469 et
1666 1440 1760 1469 non
1785 1439 1867 1487 per

224 1497 401 1543 inuidia
426 1497 451 1542 li
478 1497 747 1544 scriueuano
778 1498 987 1545 huomini
1022 1497 1197 1545 catolici
1232 1498 1292 1545 da
1324 1497 1507 1544 Vienna
1537 1498 1596 1544 ad
1625 1497 1866 1561 Augusta:

229 1572 344 1618 vede
371 1572 568 1618 anchora
598 1572 682 1619 che
713 1589 806 1618 non
838 1589 978 1619 senza
1009 1584 1142 1619 causa
1171 1571 1201 1618 il
1239 1571 1413 1636 figliolo
1449 1589 1533 1619 suo
1565 1572 1589 1618 ἐ
1624 1571 1865 1618 diffamato

227 1647 357 1711 quasi
385 1663 466 1709 per
491 1658 615 1692 tutto
639 1646 667 1693 il
694 1646 868 1694 mondo
892 1665 974 1712 per
997 1659 1160 1712 questo
1179 1645 1295 1693 falso
1320 1647 1560 1710 propheta,
1580 1657 1625 1693 et
1644 1646 1868 1694 intendia-

226 1737 304 1766 mo
339 1721 422 1767 che
457 1732 616 1784 questa
651 1732 761 1767 nota
795 1721 945 1786 afflige
969 1722 1049 1786 piu
1074 1721 1105 1768 il
1129 1738 1267 1768 cuore
1296 1721 1368 1768 del
1394 1737 1442 1768 re
1466 1721 1622 1784 padre,
1645 1721 1728 1767 che
1754 1721 1783 1767 il
1808 1721 1867 1768 ti·

228 1812 331 1841 mor
357 1806 402 1841 et
426 1795 453 1841 il
479 1797 633 1842 danno
657 1796 730 1843 del
757 1808 904 1844 turco,
930 1796 1105 1844 Perche
1133 1795 1173 1843 la
1197 1813 1296 1843 casa
1326 1796 1384 1844 de
1417 1795 1609 1842 Austria
1638 1812 1819 1859 sempre
1845 1795 1869 1841 ἐ

225 1880 343 1916 stata
369 1881 493 1916 netta
519 1871 674 1933 (come
705 1887 751 1917 se
786 1871 909 1934 dice)
948 1871 1006 1918 de
1043 1871 1217 1918 heresie
1248 1882 1294 1918 et
1322 1869 1569 1918 vbediente
1606 1870 1690 1916 alla
1714 1870 1872 1934 seggia

227 1961 430 1991 romana.

297 2018 474 2079 Questa
506 2034 609 2064 cosa
644 2019 902 2065 tratassimo
935 2018 1010 2082 gia
1035 2029 1102 2066 tre
1126 2036 1155 2065 o
1182 2030 1368 2084 quattro
1404 2018 1528 2065 volte
1562 2035 1649 2065 con
1674 2019 1703 2065 il
1728 2019 1869 2065 Rmo.

231 2091 465 2138 labacense
490 2092 535 2138 in
560 2105 746 2140 secreto:
774 2095 901 2158 dopo
924 2094 1077 2141 auanti
1103 2093 1231 2152 hieri,
1250 2095 1334 2141 che
1359 2095 1520 2158 giunse
1544 2111 1569 2140 a
1592 2094 1774 2140 Vienna
1797 2094 1871 2140 dal

226 2182 314 2212 suo
340 2178 604 2224 vescouato‚
631 2167 659 2213 il
684 2168 914 2233 conseglio
934 2179 1094 2215 nostro
1114 2168 1154 2226 ὲ,
1178 2168 1262 2215 che
1287 2185 1333 2215 se
1357 2168 1511 2225 scacci,
1535 2185 1666 2215 come
1691 2168 1755 2215 lui
1777 2185 1872 2214 me-

230 2239 326 2286 rita.
364 2241 536 2287 Auanti
569 2241 696 2299 hieri‚
730 2242 1008 2305 predicando
1040 2242 1146 2289 delli
1180 2241 1318 2299 santi,
1355 2242 1444 2288 mai
1478 2243 1608 2288 tocco
1644 2241 1761 2288 della
1798 2241 1871 2288 in-

228 2314 499 2360 tercessione
523 2332 551 2360 o
577 2316 680 2362 dell'
706 2316 1009 2364 inuocatione.
1041 2316 1155 2363 Non
1186 2315 1311 2363 volse
1345 2316 1578 2380 predicare
1607 2316 1720 2363 hieri
1753 2315 1871 2364 delle

287 2515 296 2540 ¹
355 2519 655 2567 MaximiIianus,
676 2526 768 2557 tunc
786 2522 995 2558 Bohemiae
1015 2533 1094 2567 rex,
1116 2521 1179 2568 qui
1201 2531 1279 2557 non
1302 2521 1438 2557 «rebus
1463 2521 1607 2557 nostris
1634 2531 1675 2557 se
1697 2531 1865 2567 propen-

228 2590 316 2616 sum
337 2583 576 2628 ostendebat3
599 2585 672 2619 sed
699 2584 944 2630 potissimum
974 2584 1077 2620 Patri
1109 2584 1267 2620 Canisio
1300 2588 1382 2619 erat
1412 2583 1627 2620 infensus».
1659 2583 1870 2629 POLANCO,

230 2648 257 2681 t.
276 2652 319 2689 V,
343 2655 430 2690 243,
452 2656 489 2682 n.
511 2646 601 2692 693.

285 2703 301 2728 2
358 2706 610 2744 Sebastianus
630 2709 810 2745 Phauser.
826 2709 883 2745 De
900 2710 959 2745 his
975 2710 1052 2745 late
1068 2708 1217 2755 egimus
1233 2708 1272 2744 in
1293 2712 1505 2744 memorato
1527 2709 1641 2744 toties
1660 2708 1871 2754 POLANCO,

229 2765 259 2805 l.
280 2780 325 2815 c.‚
346 2779 432 2815 pag.
458 2780 544 2816 230,
566 2781 601 2806 n.
623 2771 713 2817 663,
733 2777 868 2809 annot.
889 2781 923 2818 2;
950 2783 1039 2818 pag.
1063 2780 1151 2819 235,
1172 2782 1209 2808 n.
1236 2771 1326 2818 679,
1355 2775 1484 2811 annot.
1511 2783 1526 2807 1
1553 2775 1590 2807 et
1613 2783 1649 2818 2,
1670 2782 1758 2818 pag.
1782 2781 1870 2818 243,

231 2841 268 2868 n.
290 2832 366 2878 693
390 2836 426 2867 et
446 2842 566 2878 seqq„
588 2833 727 2879 quibus
748 2834 843 2870 nihil
865 2835 902 2870 in
924 2845 1105 2880 praesens
1127 2834 1346 2870 addendum
1367 2834 1543 2870 occurrit.

286 2890 302 2915 3
355 2894 376 2930 J
381 2895 525 2930 acobus
544 2894 676 2941 Jonas,
698 2896 849 2932 consilii
870 2897 984 2932 aulici
1015 2896 1243 2933 Germaniae
1270 2895 1633 2943 vicecancellarius,
1661 2897 1770 2944 cujus
1790 2897 1871 2933 elo·

230 2955 351 3002 gium,
387 2967 408 2991 a
442 2956 599 2993 Canisio
633 2957 788 3004 factum,
819 2959 907 2995 vide
938 2969 1067 3005 supra,
1100 2955 1236 3009 Epist.
1273 2954 1463 3002 Mxtae,
1497 2963 1521 2997 t.
1559 2967 1622 3006 IV,
1656 2969 1743 3006 pag.
1779 2967 1871 3007 315,

232 3022 366 3056 annot.
387 3029 423 3065 3.
1006 3038 1009 3040 -

290 3078 305 3104 ⁴
361 3082 539 3118 Urbanus
559 3082 707 3119 Weber
728 3080 913 3132 (Textor),
935 3084 1140 3131 episcopus
1156 3083 1386 3120 labacensis.

289 3139 305 3165 ⁵
360 3142 432 3181 Ms.
455 3139 597 3181 Max?
