2014 3528
309 286 386 339 364
776 284 1009 326 EPISTOLAE
1038 288 1282 327 ΜιΧΤΑΕ-ῐ
1294 299 1368 340 150

253 394 419 441 deuote
443 392 564 440 dello
589 393 794 457 collegio,
819 404 865 440 et
887 394 923 440 si
949 410 1063 441 sono
1095 394 1208 441 ditte
1240 395 1417 442 diuerse
1442 394 1627 442 infamie
1665 383 1909 443 diabolice

253 480 411 515 contra
434 467 473 513 le
498 484 688 531 persone
712 467 785 514 del
809 467 1016 532 collegio,
1045 468 1089 514 in
1125 469 1267 515 modo
1299 469 1382 515 che
1415 468 1454 515 la
1486 469 1573 516 cita
1605 480 1724 516 tutta
1758 469 1884 534 quasi

254 554 381 589 steua
405 542 607 606 disposta
625 542 682 589 de
700 541 928 605 supplicar
948 541 976 587 il
997 541 1154 605 signor
1175 542 1291 588 duca
1306 542 1352 590 d'
1369 543 1491 589 Alba
1511 542 1541 600 ¹,
1559 554 1603 589 et
1625 543 1885 607 supplicarli

254 619 337 664 che
369 616 543 664 uolesse
575 617 784 663 ordinare
815 617 898 663 che
931 634 976 663 se
1010 617 1299 663 mandassem
1330 616 1430 664 fora
1461 618 1517 665 de
1549 628 1708 682 questa
1737 618 1826 664 cita
1858 618 1884 664 li

256 693 391 740 Padri
425 692 541 740 della
577 692 878 755 Compagnia.
914 692 978 738 Et
1009 702 1077 738 tra
1110 691 1238 738 molti
1273 702 1318 738 et
1351 692 1477 739 molti
1509 693 1710 750 citadini‚
1735 710 1781 739 se
1811 709 1887 739 era

254 767 371 814 fatto
396 767 453 813 tal
480 767 844 830 ragionamento‚
870 776 914 813 et
940 766 1357 813 huniuersalmente
1382 778 1508 814 steua
1531 778 1690 831 questa
1720 766 1885 814 diabo-

253 842 335 888 lica
373 841 665 905 inpressione,
697 852 741 886 et
773 841 980 886 andorno
1015 840 1090 903 gia
1122 839 1148 886 li
1181 840 1302 886 eletti
1334 840 1450 887 della
1479 841 1567 887 cita
1600 857 1682 904 per
1712 841 1886 904 parlare

252 933 387 980 sopra
410 916 455 971 di
483 929 645 980 questo
669 915 752 962 alla
777 915 1023 962 excelentia
1047 914 1117 962 del
1152 915 1313 962 ducha.
1350 915 1413 962 Et
1439 916 1703 963 hauendose
1736 916 1887 980 suspi-

251 990 504 1038 tione'chel
543 990 690 1037 Padre
731 990 806 1038 M.
849 990 952 1036 Gio:
995 990 1245 1036 Francesco
1265 989 1282 1015 ²
1313 991 1500 1037 hauesse
1541 991 1806 1055 consigliato
1848 990 1888 1037 al

251 1065 425 1130 figliolo
450 1065 531 1112 che
557 1081 741 1111 uenesse
766 1065 822 1111 ad
851 1065 1020 1121 Roma,
1045 1064 1307 1111 desider-oso
1331 1064 1359 1110 il
1384 1081 1468 1111 suo
1489 1065 1628 1128 padre
1652 1066 1709 1112 de
1733 1081 1888 1129 sapere

254 1140 292 1186 la
317 1139 461 1186 uerita
484 1139 567 1185 che
593 1156 648 1185 ne
672 1155 746 1185 era
765 1138 835 1186 del
862 1156 947 1185 suo
974 1139 1118 1203 figlio,
1138 1156 1288 1189 venne
1306 1139 1364 1186 da
1382 1156 1470 1197 me,
1496 1150 1624 1186 tanto
1644 1156 1742 1186 esso
1759 1157 1890 1186 come

254 1214 383 1261 molti
400 1213 505 1270 altri
519 1213 583 1260 soi
603 1214 795 1277 parenti,
816 1214 1164 1277 preghandome
1186 1231 1258 1259 me
1283 1231 1338 1259 ne
1363 1212 1634 1261 informasse
1653 1214 1723 1260 del
1750 1224 1888 1262 tutto,

256 1291 319 1337 Et
343 1289 507 1353 perche
533 1289 576 1335 io
599 1305 673 1335 era
698 1287 910 1348 infermo,
937 1306 1084 1335 venne
1109 1290 1166 1335 da
1192 1306 1264 1335 me
1299 1289 1327 1335 il
1368 1289 1516 1335 Padre
1539 1289 1631 1335 don
1660 1289 1889 1352 Xpopha·

255 1382 307 1412 ro
328 1365 343 1390 ³
367 1376 412 1412 et
436 1365 464 1411 il
491 1364 544 1412 P.
573 1364 686 1412 Gio:
711 1363 839 1421 Cola,
865 1375 909 1410 et
929 1364 955 1410 ἱΙ
977 1365 1162 1411 sudetto
1186 1365 1258 1411 M.
1281 1364 1385 1411 Gio:
1415 1364 1680 1421 Francesco,
1700 1364 1739 1409 al
1760 1363 1891 1428 quale

256 1439 285 1486 il
310 1439 491 1486 sodetto
518 1438 666 1485 Padre
693 1439 787 1484 don
818 1438 1095 1501 Xpopharo,
1123 1438 1148 1484 li
1175 1438 1454 1484 commando
1487 1438 1530 1484 in
1562 1438 1732 1484 virtute
1766 1449 1892 1484 sante

258 1513 515 1561 obedientie
543 1513 626 1559 che
658 1513 828 1559 dicesse
858 1513 1011 1577 quello
1046 1513 1129 1559 che
1160 1530 1326 1577 sapeua
1356 1513 1426 1559 del
1470 1513 1597 1559 detto
1628 1512 1816 1576 figholo,
1848 1523 1893 1558 et

261 1606 357 1635 esso
380 1588 549 1652 replico
574 1588 658 1634 che
678 1605 769 1635 non
796 1604 850 1634 ne
875 1605 1041 1651 sapeua
1066 1605 1169 1634 cosa
1194 1587 1364 1634 alcuna.
1394 1588 1458 1634 Et
1476 1587 1688 1635 hauendo
1705 1588 1846 1651 dopoi
1863 1588 1892 1634 il

256 1664 412 1727 signor
434 1662 552 1709 duca
576 1661 633 1708 de
662 1661 833 1708 Monte
859 1661 1005 1708 Lione
1027 1661 1040 1685 ⁴
1067 1662 1240 1708 inuiato
1271 1663 1326 1709 ad
1358 1662 1586 1709 chiamare
1610 1663 1649 1708 si
1683 1662 1712 1709 il
1746 1662 1893 1709 Padre

256 1738 350 1785 don
382 1736 660 1801 Xpopharo,
687 1753 818 1782 come
843 1735 872 1781 il
900 1736 949 1782 P.
981 1737 1054 1783 M.
1086 1736 1359 1794 Francesco,
1391 1747 1436 1783 et
1467 1737 1560 1783 cosi
1593 1737 1638 1782 in
1670 1737 1894 1800 presentia

256 1813 313 1860 de
336 1829 415 1858 sua
439 1812 637 1876 signoria
664 1812 788 1858 volse
824 1811 868 1857 in
903 1812 1011 1875 ogni
1046 1811 1187 1858 modo
1219 1811 1301 1858 che
1326 1811 1355 1857 il
1381 1811 1561 1858 sodetto
1589 1811 1737 1858 Padre
1766 1827 1893 1858 com-

259 1886 496 1932 mandasse
521 1886 578 1932 ad
601 1886 675 1932 M.
705 1885 809 1932 Gio:
843 1885 1093 1931 Francesco
1119 1885 1201 1932 che
1225 1885 1392 1944 dicesse
1417 1886 1456 1931 la
1481 1884 1625 1931 verita
1650 1885 1706 1931 de
1731 1895 1893 1949 questo

259 1961 460 2025 negotio,
485 1973 531 2007 et
554 1977 652 2007 esso
678 1960 826 2007 Padre
850 1960 913 2006 cel
935 1961 1215 2006 commando
1229 1959 1300 2007 del
1328 1960 1562 2006 medesmo
1587 1959 1742 2016 modo,
1767 1969 1812 2004 et
1832 1958 1892 2004 lui

259 2035 287 2082 li
318 2036 489 2099 rispose
520 2035 602 2082 che
637 2052 727 2081 non
763 2052 818 2081 ne
850 2052 1016 2098 sapeua
1046 2052 1149 2081 cosa
1180 2034 1353 2087 alcuna.
1387 2034 1451 2081 Et
1481 2033 1575 2080 cosi
1614 2033 1824 2080 durando
1864 2032 1891 2078 il

259 2110 386 2156 detto
409 2109 599 2172 strepito
624 2119 746 2155 tutto
767 2108 872 2173 quei
900 2109 1080 2172 giorno,
1107 2125 1187 2172 per
1212 2109 1253 2154 la
1271 2108 1571 2172 grandissima
1591 2106 1894 2154 sollicitudine

260 2196 401 2243 vsata,
422 2182 470 2230 fo
497 2183 723 2229 ritrouato
749 2183 777 2229 il
805 2183 978 2247 figliolo
1003 2184 1046 2230 in
1074 2194 1232 2247 potere
1259 2185 1315 2230 de
1337 2183 1616 2229 Santicocchi
1638 2182 1668 2239 5,
1700 2182 1727 2228 il
1760 2182 1893 2246 quale

260 2260 303 2306 10
329 2276 551 2306 menorno
576 2259 729 2305 subito
749 2259 793 2304 in
820 2259 1010 2322 pregion
1021 2277 1061 2317 e,
1088 2269 1133 2305 et
1151 2276 1233 2322 per
1253 2259 1293 2304 la
1316 2259 1404 2305 cita
1430 2258 1458 2305 li
1478 2257 1608 2304 foran
1630 2256 1740 2304 fatte
1758 2274 1894 2321 gran-

261 2334 443 2381 dissime
468 2333 598 2394 baye,
625 2345 669 2380 et
689 2333 727 2379 al
753 2345 961 2397 presente
983 2335 1178 2380 anchora
1203 2351 1247 2380 se
1269 2334 1442 2380 ritroua
1461 2333 1747 2380 incarcerato,
1773 2333 1835 2379 Et
1855 2332 1894 2378 la

263 2409 407 2456 verita
431 2409 455 2455 f}
481 2409 564 2455 che
591 2409 740 2455 Mtr0.
770 2408 883 2456 Gio:
908 2409 1155 2455 Francesco
1174 2409 1255 2472 pisi
1278 2408 1398 2455 uolte
1420 2409 1476 2455 ha
1495 2425 1708 2472 persuaso
1730 2418 1894 2471 questo

264 2483 435 2547 figliolo
453 2500 498 2530 se
515 2482 686 2529 uolesse
705 2483 871 2530 andare
890 2500 974 2529 con
1002 2483 1045 2529 lo
1069 2484 1196 2530 detto
1222 2483 1361 2540 Santi,
1381 2493 1426 2529 et
1451 2493 1612 2547 questo
1632 2482 1675 2528 lo
1701 2480 1744 2528 fe
1770 2481 1894 2545 dopo

319 2665 331 2690 ¹
386 2667 652 2703 Ferdinandus
672 2665 839 2702 Alvarez
860 2666 906 2702 de
927 2666 1088 2702 Toledo.

317 2727 333 2753 2
390 2730 492 2777 «Si03
511 2729 739 2776 cognomine
762 2739 838 2765 non
861 2739 1054 2775 expresso.
1078 2727 1207 2764 Eritne
1223 2728 1264 2765 P.
1283 2728 1301 2764 J
1308 2738 1451 2764 oannes
1468 2727 1696 2771 Franciscus
1716 2727 1896 2773 Araldus,

265 2794 328 2840 qui
361 2805 384 2830 a
419 2793 572 2839 collegii
600 2792 822 2840 primordiis
849 2792 1012 2838 Neapoli
1038 2788 1307 2828 versabatur?»
1340 2790 1554 2837 POLANCO‚
1579 2787 1605 2827 l.
1634 2801 1665 2827 c.
1693 2800 1779 2836 pag.
1809 2798 1896 2838 255,

265 2860 392 2892 annot.
414 2866 453 2902 3.

316 2916 331 2941 3
386 2918 425 2954 P.
449 2916 748 2962 christophorus
768 2916 815 2951 de
836 2916 1045 2962 Mendoza,
1068 2914 1306 2962 neapolitani
1328 2914 1482 2961 collegii
1502 2917 1636 2951 rector.

319 2978 333 3003 4
388 2981 531 3016 Hector
552 2978 769 3025 Pignatelli.
1472 3014 1483 3023 ,

318 3040 332 3065 5
389 3042 611 3078 Vocabatur
631 3041 694 3077 hic
716 3040 932 3077 «Sanehius
956 3039 1085 3086 Cocci‚
1105 3040 1183 3087 jam
1205 3039 1274 3085 vir,
1297 3040 1343 3075 ad
1367 3040 1507 3076 multas
1526 3049 1586 3075 res
1611 3039 1810 3084 idoneus»,
1832 3038 1897 3085 qui

264 3107 423 3142 Romam
446 3117 467 3141 a
487 3104 733 3150 nostratibus,
754 3107 795 3139 ut
816 3103 1048 3140 Societatem
1073 3103 1194 3148 iniret,
1218 3103 1449 3149 mittebatur,
1478 3106 1514 3139 et
1540 3102 1578 3138 in
1603 3102 1696 3139 urbe
1732 3100 1897 3138 ‹admis-

267 3179 331 3208 sus
352 3172 447 3205 est».
473 3168 680 3215 POLANCO‚
702 3171 726 3203 t.
748 3175 806 3213 vl,
827 3177 915 3215 pag.
938 3174 1026 3215 252,
1048 3176 1083 3203 n.
1103 3166 1194 3214 969.
1838 3157 1840 3160 ’
1874 3175 1878 3178 ’
