2066 3516
789 246 811 284 3
838 232 1088 272 NovEMBms
1119 244 1219 284 1555
1719 248 1769 287 79

182 356 231 392 ta
255 360 300 390 se
325 340 420 388 fece
445 339 673 387 licentiato
698 339 754 386 de
778 339 1009 403 theologia
1042 339 1087 385 in
1120 351 1279 404 questa
1309 337 1478 387 faculta
1512 357 1606 388 vno
1630 341 1688 388 de
1715 342 1753 388 F
1757 343 1818 389 ri-

185 418 350 481 burgo3
376 426 421 462 et
443 432 573 462 come
599 416 638 460 al
663 431 747 460 suo
771 414 1022 473 dottorato,
1047 414 1247 461 secondo
1266 413 1295 461 il
1320 414 1440 461 iusto
1458 415 1635 475 ordine,
1653 417 1820 464 doues—

181 508 231 538 se
255 491 423 537 hauere
457 489 597 535 eletto
632 487 787 552 quello
821 487 980 534 Felino
1015 505 1146 534 come
1182 487 1402 553 primario
1438 488 1656 554 theologo
1686 507 1769 555 per
1794 492 1822 538 il

185 583 270 613 suo
293 575 577 629 promotore,
602 563 700 609 cioe
725 563 783 627 da
817 562 889 609 chi
921 563 1112 609 douesse
1146 562 1345 608 riceuere
1382 562 1573 627 insignia
1609 565 1820 613 doctora-

186 652 274 698 tus,
300 638 425 686 volse
450 637 627 702 elegere
660 637 845 683 Canisio
877 653 959 700 per
992 637 1102 683 certi
1133 637 1324 699 rispetti,
1359 649 1404 683 et
1439 638 1533 684 cosi
1569 637 1680 697 fece,
1704 640 1748 687 io
1772 659 1823 688 so

182 715 268 763 che
292 731 374 778 per
399 730 491 759 non
524 713 631 760 dare
668 712 902 759 occasione
928 728 954 758 a
977 710 1131 776 quello
1168 711 1341 758 Felino.
1381 712 1493 759 Non
1533 714 1593 760 mi
1630 716 1822 781 piaeque

180 801 348 855 questo
381 787 542 845 mod03
580 804 654 834 ma
690 803 781 851 pur
817 788 960 833 tratto
991 786 1096 850 quel
1129 785 1359 833 licentiato
1382 804 1466 833 con
1497 788 1697 847 Canisio‚
1724 803 1770 838 et
1795 793 1821 838 li

182 879 415 929 persuase,
443 878 573 908 come
599 879 623 908 a
647 877 751 908 cosa
770 878 795 907 a
813 860 874 907 lui
895 877 987 906 non
1013 870 1184 923 troppo
1209 860 1406 908 difficile.
1432 861 1573 908 Hora
1591 863 1823 913 domanda

180 950 350 1004 questo
377 953 501 982 nouo
527 936 686 983 dottor
714 934 978 982 testimonio
1001 935 1059 981 de
1084 951 1168 981 suo
1196 936 1482 998 magesterio,
1509 954 1591 1000 per
1615 952 1822 999 accettar‚

182 1029 317 1060 ,come
335 1011 569 1074 theologo,
588 1021 713 1057 certo
732 1010 1010 1057 canonicato.
1031 1010 1146 1055 Non
1166 1009 1192 1055 li
1212 1009 1348 1056 vuole
1366 1010 1474 1057 dare
1499 1011 1526 1057 il
1555 1012 1593 1058 F
1595 1013 1729 1073 elino,
1750 1016 1823 1062 di-

179 1087 332 1134 cendo
357 1086 441 1133 che
467 1085 650 1133 Canisio
675 1102 768 1132 non
793 1085 817 1131 ὲ
842 1084 1024 1132 dottore
1047 1083 1076 1141 ¹,
1101 1095 1147 1131 et
1169 1100 1251 1147 per
1274 1101 1557 1149 consequens
1580 1088 1638 1133 ne
1664 1104 1826 1153 questo

184 1161 318 1219 altro,
344 1160 372 1206 il
398 1159 546 1224 qualle
569 1158 803 1206 domanda
826 1169 989 1223 questo
1022 1158 1330 1205 instrumento
1355 1159 1428 1206 del
1458 1177 1542 1207 suo
1573 1162 1823 1212 dottorato.

191 1235 463 1283 Habbiamo
501 1245 660 1299 questa
696 1233 915 1297 opinione
950 1233 1007 1280 de
1045 1244 1208 1297 questo
1241 1234 1426 1280 dottore
1462 1235 1638 1296 Felino‚
1674 1238 1758 1285 che
1790 1241 1825 1286 si

188 1311 284 1357 M.e
306 1309 491 1357 Canisio
516 1307 635 1354 fosse
659 1307 704 1355 in
734 1308 929 1365 Vienna,
956 1320 1135 1355 mentre
1159 1309 1242 1355 che
1274 1308 1337 1355 lui
1363 1310 1387 1356 ὲ
1412 1322 1557 1357 rettor
1586 1312 1643 1359 de
1667 1326 1827 1377 questa

183 1384 449 1440 vniuersita,
470 1383 626 1429 adesso
646 1381 689 1428 lo
708 1381 938 1428 citarebbe
957 1399 1038 1445 per
1057 1381 1152 1428 fare
1171 1380 1288 1439 fede,
1307 1399 1355 1429 se
1379 1383 1442 1429 lui
1464 1384 1487 1430 ἐ
1507 1385 1692 1433 dottore
1712 1403 1826 1435 vero

178 1469 230 1504 ret
254 1476 345 1504 non
373 1457 566 1515 bullato,
591 1468 636 1502 et
659 1456 755 1503 cosi
781 1456 886 1503 delli
920 1456 1020 1502 altri
1051 1457 1128 1504 doi
1161 1455 1364 1506 farebbe.
1390 1458 1427 1504 Il
1456 1460 1707 1507 medesimo
1731 1478 1825 1509 non

185 1534 244 1579 ha
277 1531 443 1578 voluto
477 1532 580 1588 che,
613 1531 811 1578 secondo
844 1530 885 1576 la
917 1532 1269 1590 consuetudine,
1300 1533 1363 1579 sia
1402 1545 1521 1580 stato
1557 1534 1694 1582 eletto
1731 1554 1826 1583 vno

184 1607 498 1654 altrodecano
523 1606 580 1653 de
603 1615 763 1670 questa
788 1604 974 1664 facultal,
1001 1623 1076 1653 ma
1099 1607 1236 1653 vuole
1260 1607 1322 1654 lui
1341 1607 1424 1655 che
1444 1609 1591 1672 prima
1618 1612 1826 1659 mostria-

181 1699 264 1730 mo
291 1686 450 1747 queste
475 1681 792 1739 testimoniale,
817 1692 862 1727 et
881 1682 975 1727 cosi
1002 1692 1119 1728 resta
1144 1681 1171 1728 il
1193 1699 1331 1747 cargo
1350 1683 1421 1730 del
1447 1684 1667 1731 decanato
1692 1704 1828 1751 sopra

182 1757 300 1805 delle
324 1757 446 1821 spale
471 1758 528 1803 de
553 1756 648 1803 M.⁰
681 1756 930 1804 Gaudano.
948 1756 1006 1803 V.
1031 1756 1089 1803 R.
1110 1757 1225 1804 vede
1251 1769 1297 1803 et
1321 1757 1506 1805 intende
1530 1772 1689 1824 questa
1708 1779 1826 1822 cosa,

180 1833 243 1880 de
274 1833 315 1879 la
346 1833 495 1897 qualle
526 1841 836 1895 espettaramo
874 1831 915 1878 la
948 1843 1173 1895 resposta:
1213 1832 1476 1880 auisandola
1511 1835 1711 1882 anchora
1745 1839 1827 1884 che

144 1926 148 1930 ·
190 1919 454 1954 veramente
478 1924 532 1952 en
569 1918 730 1970 queste
765 1905 939 1952 lettioni
970 1906 1028 1952 de
1060 1906 1293 1971 theologia
1325 1908 1564 1971 perdiamo
1596 1910 1623 1956 il
1655 1923 1826 1975 tempo,

182 1986 278 2029 >non
305 1982 495 2028 essendo
521 1981 736 2038 auditori,
762 1993 807 2027 et
843 1981 958 2027 nella
996 1979 1166 2027 faculta
1199 1982 1363 2029 stiamo
1395 1984 1520 2047 quasi
1553 2001 1685 2031 anser
1710 1987 1828 2033 inter

185 2055 348 2103 oloreS.
391 2056 487 2102 Pur
524 2054 700 2101 faremo
737 2071 931 2117 sempre,
972 2072 1106 2119 spero
1142 2056 1202 2115 io,
1237 2057 1390 2120 quello
1427 2057 1762 2106 che'mandara
1789 2062 1828 2107 la

178 2141 314 2176 -santa
337 2129 606 2177 obedienza.
638 2130 789 2193 Prego
815 2129 901 2175 alla
926 2129 975 2176 P.
1006 2130 1067 2178 V.
1099 2130 1158 2178 R.
1183 2130 1266 2176 che
1296 2130 1335 2176 ci
1366 2132 1539 2195 aggiuti
1572 2149 1657 2178 con
1686 2134 1724 2180 le
1748 2152 1827 2180 sue

186 2215 313 2250 sante
359 2203 566 2249 orationi.
612 2203 790 2265 Questa
830 2220 927 2250 sera
969 2203 1040 2249 del
1084 2219 1111 2264 3
1155 2204 1212 2251 de
1254 2205 1526 2252 Nouembre
1574 2221 1707 2269 1555.
1752 2209 1827 2256 De

183 2278 246 2326 V.
274 2278 334 2325 R.
360 2277 411 2326 P.
438 2277 612 2342 figliolo
637 2289 682 2323 et
705 2294 840 2324 seruo
866 2278 910 2323 in
938 2276 1052 2336 X.⁰‚‚

1091 2352 1323 2400 N1coer
1359 2353 1628 2402 LANNOYO.

254 2444 509 2506 Inscriptio:
539 2444 571 2504 ἦ
598 2443 658 2489 ΑΙ
685 2443 831 2490 molto
858 2443 982 2490 Rdo.
1007 2444 1051 2489 in
1079 2443 1162 2491 X.⁰
1188 2445 1352 2503 Padre,
1377 2445 1406 2492 il
1434 2447 1487 2493 P.
1518 2447 1611 2494 M.e
1647 2447 1828 2511 Ignatio

182 2518 246 2565 de
273 2517 467 2580 Loyola,
492 2517 724 2580 preposito
749 2517 868 2564 della
892 2518 1182 2582 Compagnia
1205 2519 1263 2564 de
1284 2519 1415 2579 Jesu,
1440 2520 1485 2566 in
1514 2521 1682 2569 Roma.

255 2593 366 2638 Alia
391 2608 539 2638 manu:
566 2591 756 2638 Vienna.
785 2592 881 2640 R.ta
903 2591 972 2638 alli
1003 2595 1059 2638 28
1085 2592 1158 2639 del
1182 2593 1447 2641 medesimo.

248 2744 261 2770 ¹
316 2747 473 2784 Falsum
494 2748 533 2783 id
555 2758 639 2785 esse
660 2751 814 2785 constat
835 2758 883 2784 ex
902 2748 1111 2794 POLANCO,
1138 2753 1164 2785 t.
1191 2757 1217 2795 1,
1244 2759 1332 2796 pag.
1359 2760 1545 2798 491-492‚
1571 2761 1607 2789 n.
1632 2751 1707 2799 548
1729 2756 1765 2787 et
1782 2762 1829 2787 ex

181 2810 536 2856 -BRAUNSBERGER,
558 2807 645 2848 Bti.
668 2807 794 2848 Petri
815 2807 983 2848 Canisz‘z’
999 2807 1223 2860 Epistulae
1243 2814 1286 2848 et
1301 2815 1411 2855 acta,
1431 2816 1458 2851 t.
1478 2823 1503 2860 ξ,
1519 2823 1605 2859 pag.
1627 2813 1717 2860 685,
1738 2814 1828 2850 686:

194 2870 445 2907 Monumenta
466 2871 735 2919 bononiensia,
757 2883 793 2909 n.
815 2882 867 2918 30
888 2872 1038 2921 (1549):
1068 2872 1216 2909 Laurea
1241 2873 1461 2920 theologica
1487 2874 1644 2911 Canisio
1671 2876 1826 2912 collata.
