2066 3516
301 245 359 297 78
778 242 1011 282 Emsromss
1041 242 1373 294 MixTAE--1o59

252 352 391 398 chora
419 352 464 397 in
489 367 582 397 essa
609 350 650 409 e,
679 349 721 395 la
745 349 836 395 mia
860 347 1015 411 lingua
1035 347 1254 394 naturalle
1274 365 1366 394 non
1392 348 1415 394 ὲ
1441 348 1680 412 fiamenga‚
1703 365 1777 395 ma
1800 350 1896 413 gal-

256 426 396 472 licana
419 442 446 470 o
472 423 673 470 francesa
691 422 836 469 bassa.
861 421 925 468 Et
943 439 1023 485 per
1042 421 1139 468 dire
1158 421 1186 468 il
1205 439 1332 481 vero,
1353 440 1446 469 non
1471 423 1534 469 mi
1559 422 1809 470 satisfanno
1835 424 1894 470 ne

246 499 420 545 vMess.e
440 497 638 556 Canisio‚
666 497 723 543 ne
749 496 914 544 Mess.e
943 496 1196 555 Gwdano,
1231 496 1333 543 dico
1368 507 1543 560 quanto
1578 514 1603 543 a
1636 514 1826 544 mouere
1863 498 1894 544 li

253 575 396 620 affetti
434 586 480 619 et
510 573 606 619 dire
637 589 723 618 con
756 588 846 617 vna
876 571 1071 617 efficacia
1099 570 1332 634 semplice;
1358 572 1524 634 perche
1552 571 1611 618 mi
1638 588 1745 635 pare
1771 588 1893 618 sem-

253 665 333 711 pre
358 649 400 711 q'
425 647 453 693 il
479 659 589 693 tono
614 657 745 692 terzo
776 645 875 692 loro
905 645 1152 692 mescolato
1185 662 1272 691 con
1306 662 1366 691 no
1396 662 1447 692 so
1479 646 1562 692 che
1592 646 1649 693 de
1674 646 1893 693 amaritu-

250 723 371 779 dine,
398 738 536 768 senza
553 720 748 767 efficacia
766 720 1032 769 sufficiente.
1054 720 1231 782 Questa
1250 719 1428 766 suauita
1451 730 1496 766 et
1522 720 1667 784 gratia
1692 737 1773 784 per
1793 738 1893 767 mo-

253 814 359 844 uere
383 797 409 843 li
436 797 578 853 cuori,
605 813 695 842 non
723 796 784 842 mi
809 813 918 860 pare
943 813 1151 842 mancare
1175 794 1419 854 aljfratello
1443 809 1602 843 nostro
1634 798 1730 844 M.⁰
1757 799 1892 845 Mar-

253 872 350 918 tino
374 871 676 917 Steuordiano
698 869 726 920 ¹.
756 870 792 917 Il
819 888 903 917 suo
927 883 1108 934 nepote,
1135 870 1385 917 Guilielmo
1405 870 1435 928 ²,
1465 871 1522 917 ha
1546 871 1687 918 buoni
1719 873 1892 936 princi-

252 946 328 1009 pii.
369 945 642 992 Habbiamo
686 947 892 993 riceuuto
929 945 1012 990 alla
1048 944 1338 1008 Compagnia
1372 962 1435 991 vn
1472 945 1669 1008 giouane
1706 948 1892 993 todesco

250 1020 307 1066 de
333 1034 392 1066 22
419 1020 544 1077 anni,
571 1019 599 1066 il
626 1020 774 1085 qualle
800 1036 932 1083 passa
970 1018 1093 1075 tutti,
1128 1029 1302 1082 quanto
1340 1018 1423 1064 alla
1461 1035 1574 1065 voce
1598 1031 1643 1065 et
1667 1020 1812 1083 gratia
1834 1021 1891 1067 de

251 1111 453 1152 mouere,
478 1105 579 1152 etc.,
605 1109 649 1142 et
674 1097 698 1142 ἐ
725 1095 805 1159 piu
828 1092 1049 1150 feruente,
1068 1093 1151 1139 che
1172 1093 1259 1139 mai
1281 1093 1529 1140 habbiamo
1553 1094 1670 1141 visto
1689 1095 1887 1143 todesco.

251 1169 346 1215 Dio
376 1169 402 1215 li
435 1169 510 1216 dia
541 1169 699 1216 buono
739 1185 1002 1233 progresso:
1039 1167 1184 1214 simile
1220 1185 1312 1213 non
1348 1185 1394 1214 se
1426 1168 1652 1215 ritrouera
1689 1170 1735 1216 in
1771 1181 1891 1217 tutta

251 1243 544 1307 Allemagna.

317 1318 486 1380 Quello
511 1319 593 1364 che
619 1317 662 1364 io
689 1318 749 1364 ho
776 1317 934 1364 scritto
958 1316 1229 1380 enigmatice
1261 1328 1306 1363 et
1329 1329 1645 1364 oscuramente
1670 1336 1695 1364 a
1721 1319 1781 1367 V.
1810 1319 1888 1376 R.‚

240 1392 455 1438 *scriuero
480 1392 524 1438 io
549 1391 707 1438 adesso
739 1408 820 1455 per
854 1392 1022 1439 MeSS.e
1045 1391 1265 1438 Petronio
1296 1391 1377 1454 piu
1409 1392 1726 1440 chiaramente.
1763 1394 1888 1442 Rdo.

254 1466 417 1513 Padre.
446 1466 515 1528 La
538 1483 641 1512 cosa
667 1483 722 1512 va
742 1466 855 1514 cosi,
877 1465 1082 1527 Quando
1103 1465 1177 1511 noi
1199 1477 1266 1512 tre
1287 1465 1491 1529 theologi
1511 1468 1779 1529 passassimo
1804 1468 1889 1514 alla

257 1538 425 1585 faculta
449 1540 505 1586 de
530 1539 570 1585 la
594 1540 827 1604 theologia
857 1552 902 1586 et
932 1537 1116 1585 summo
1149 1539 1425 1603 incorporati
1460 1540 1504 1586 in
1540 1541 1710 1604 quella,
1746 1559 1828 1606 per
1859 1543 1885 1589 li

251 1614 406 1660 statuti
432 1614 575 1660 siamo
599 1614 700 1660 stati
726 1614 962 1660 constretti
987 1614 1043 1660 de
1062 1614 1170 1660 dare
1194 1626 1357 1660 cuenta
1372 1615 1444 1661 del
1465 1616 1680 1662 dotorato
1706 1629 1885 1675 nostro,

247 1701 422 1751 quanto
447 1688 644 1734 anchora
670 1687 752 1734 alle
776 1688 1095 1734 circonstantie
1121 1687 1197 1734 vbi
1225 1700 1270 1734 et
1293 1689 1496 1752 quando,
1521 1702 1566 1735 et
1590 1690 1665 1753 poi
1696 1691 1754 1737 de
1778 1708 1886 1754 pro—

249 1774 441 1809 mettere
466 1763 548 1809 che
572 1762 641 1808 fra
670 1780 729 1809 vn
755 1780 875 1810 anno
903 1764 984 1826 (ex
1008 1763 1153 1826 gratia
1177 1763 1312 1809 etiam
1345 1763 1549 1827 speciali)
1579 1766 1884 1812 mostraressi-

249 1854 325 1882 mo
351 1854 431 1900 per
455 1837 747 1884 instrumenti
779 1848 824 1884 et
854 1836 1120 1884 documenti
1153 1837 1368 1884 autentici
1399 1838 1737 1886 chiascheduno
1768 1839 1884 1886 della

246 1928 327 1956 sua
348 1911 658 1974 promotione.
691 1912 799 1957 Vno
820 1923 865 1958 et
888 1912 1015 1976 quasi
1049 1911 1126 1958 doi
1159 1913 1263 1959 anni
1289 1929 1404 1959 sono
1439 1913 1601 1976 passati
1625 1930 1764 1960 senza
1789 1913 1883 1962 fare

247 1985 360 2031 altra
385 1985 724 2032 rimostratione
749 1985 805 2032 de
830 1996 989 2049 questa
1013 2002 1135 2043 cosa,
1163 2003 1255 2032 non
1288 1987 1477 2033 essendo
1510 1987 1581 2033 chi
1614 1987 1655 2033 la
1685 1987 1880 2035 doman-

248 2061 388 2117 dasse3
415 2076 490 2106 ma
515 2077 596 2123 per
622 2077 713 2106 vna
747 2072 869 2106 certa
904 2060 1155 2106 occasione
1174 2061 1256 2106 che
1294 2061 1353 2106 ha
1388 2072 1573 2107 trouato
1605 2078 1666 2108 vn
1698 2062 1883 2108 dottore

245 2135 445 2181 seculare
470 2134 587 2180 della
610 2134 736 2180 detta
762 2133 943 2192 facustzi,
964 2135 1191 2181 chiamato
1216 2135 1460 2182 Leonardo
1487 2135 1526 2181 F
1528 2135 1647 2182 elino
1667 2135 1698 2195 ³,
1725 2147 1884 2183 contra

245 2210 302 2255 de
336 2208 433 2265 noi,
467 2225 528 2253 se.
546 2209 779 2254 domanda
810 2209 1130 2256 seriosamente
1161 2221 1322 2274 questo
1347 2221 1478 2257 testo.
1507 2210 1575 2257 La
1597 2210 1831 2257 occasione
1857 2211 1881 2256 ἐ

244 2292 360 2328 stata
385 2294 558 2346 questa,
585 2298 716 2328 come
739 2282 851 2328 assai
880 2283 1186 2330 entendiamo.
1213 2283 1311 2330 Che
1336 2283 1451 2330 nella
1475 2284 1712 2330 inuernata
1731 2301 1882 2347 passa-

301 2481 313 2506 ¹
369 2483 559 2519 Martinus
580 2483 769 2520 Gewarts.

295 2542 312 2568 ⁹·
368 2546 582 2582 Gulielmus
603 2545 779 2583 Elderen.

297 2604 312 2629 ³
371 2607 659 2644 «Ferdinandus
679 2619 746 2644 rex
768 2610 935 2655 decreto,
959 2618 1002 2656 17
1027 2609 1192 2645 Ianuarii
1217 2616 1319 2656 1554
1339 2608 1452 2655 facto,
1471 2609 1602 2655 edixit,
1619 2619 1716 2656 quos
1731 2609 1771 2645 in
1786 2609 1878 2645 uni-

244 2669 427 2706 versitate
447 2670 647 2707 viennensi
669 2670 907 2717 professores
929 2682 1012 2708 esse
1034 2676 1070 2707 et
1093 2682 1192 2719 quae
1213 2671 1375 2718 singulis
1395 2672 1538 2708 salaria
1554 2672 1670 2708 tribui
1685 2672 1817 2709 vellet.
1834 2672 1879 2709 In

243 2743 290 2768 eo
316 2733 470 2769 decreto
497 2734 592 2769 haec
618 2734 1379 2781 statuuntur.—Theologi.—Primarius
1406 2734 1453 2771 D.
1480 2734 1731 2771 Leonhardus
1756 2734 1878 2771 Villi-

243 2805 315 2831 nus
334 2795 476 2831 habeat
496 2795 657 2832 Centum
680 2800 717 2833 et
736 2797 995 2844 Septuaginta
1017 2797 1195 2834 florenos.
1225 2797 1437 2834 Secundus.
1459 2797 1505 2834 D.
1526 2798 1661 2834 Petrus
1682 2797 1875 2846 Canisius‚

242 2857 403 2894 Centum
419 2858 696 2905 Quadraginta.
710 2858 875 2896 Tertius,
893 2858 938 2895 D.
953 2859 1149 2905 Nicolaus‚
1166 2859 1327 2896 Centum
1344 2859 1673 2906 Quadraginta...»
1691 2859 1877 2896 BRAUNS-

241 2927 409 2966 BERGER,
431 2917 456 2957 l.
480 2932 512 2958 c.
537 2931 625 2966 pag.
648 2930 737 2967 729,
759 2921 819 2957 cui
841 2922 927 2957 loco
950 2921 1032 2967 ipse
1063 2921 1230 2969 subjicit:
1261 2922 1453 2958 «Villinus
1479 2922 1645 2969 (Hosser;
1672 2922 1772 2968 apud
1799 2921 1877 2957 Po-

241 2982 434 3021 laneum...
455 2981 629 3029 Felinus)
652 2983 862 3019 canonicus
884 2983 1074 3019 ecclesiae
1091 2984 1323 3020 cathedralis
1339 2984 1571 3030 viennensis,
1589 2987 1724 3031 postea
1742 2982 1874 3032 (1557)

244 3043 358 3080 etiam
381 3048 511 3080 custos
533 3045 705 3081 eiusdem
724 3049 759 3081 et
776 3044 954 3082 officialis
972 3046 1143 3093 episcopi
1159 3046 1433 3093 passaviensis,
1448 3046 1645 3093 professor
1664 3046 1874 3093 scripturae

242 3116 374 3143 sacrae
394 3106 441 3143 V.
463 3106 520 3153 T.‚
542 3104 572 3157 1-
601 3107 740 3154 1567».
