2054 3536
771 236 819 262 22
850 223 1084 262 FEBRUARH
1118 223 1218 274 1556
1679 234 1753 273 ²¹3

174 332 317 380 tando
353 331 440 396 egli
477 348 538 378 un
577 330 845 379 berrettino.
885 331 974 378 Lui
1013 330 1070 376 ha
1106 339 1218 377 uoto
1249 329 1294 377 d’
1320 329 1478 376 intrar’
1503 329 1547 375 in
1576 328 1807 392 religione,

173 409 288 453 sono
311 406 458 453 alcuni
484 406 603 453 anni.
625 406 680 452 Se
704 423 728 452 a
752 406 807 453 V.
837 406 896 454 R.
926 406 979 454 P.
1005 407 1177 470 parera,
1199 405 1334 451 credo
1358 405 1392 450 si
1418 403 1639 468 potrebbe
1663 412 1810 450 accet-

174 482 259 529 tar'
293 483 337 529 in
371 481 661 546 probatione,
693 492 739 527 et
771 497 904 545 spero
937 481 1019 528 che
1044 480 1331 527 reuscirebbe
1366 480 1501 537 bene3
1527 490 1808 542 aspetaremo

123 575 129 581 ·
174 557 216 605 la
239 558 446 622 risposta.

240 632 336 696 Qui
374 632 434 678 ho
470 641 654 678 trouato
690 630 840 695 quelle
875 630 919 677 di
959 631 1019 677 V.
1048 630 1106 677 R.
1140 629 1192 677 P.
1228 629 1273 676 di
1312 632 1335 676 8
1374 628 1447 675 del
1484 638 1708 691 presente.
1747 627 1810 674 Et

173 717 347 772 quanto
371 724 395 752 a
422 706 575 770 quello
600 707 645 752 d’
674 707 879 762 Arezzo,
907 706 981 769 gia
1015 705 1075 751 ho
1112 705 1308 768 risposto
1333 704 1377 750 di
1413 720 1560 766 sopra.
1597 702 1689 757 Del¹
1718 714 1810 748 star

176 783 344 846 meglio
367 782 428 829 V.
456 782 517 829 R.
544 781 618 838 Ρ.,
645 781 789 828 molto
821 798 871 827 ce
895 798 951 827 ne
983 780 1253 843 rallegramo
1285 792 1330 825 et
1362 779 1659 842 ringratiamo
1687 779 1714 823 il
1743 779 1809 826 Si-

174 874 334 922 gnore,
362 857 632 921 preghando
658 856 810 920 quello
837 855 988 919 uoglia
1014 871 1192 919 sempre
1217 866 1482 900 aumentare
1510 854 1549 899 la
1574 871 1654 899 sua
1683 865 1810 899 santa

175 948 369 996 persona
400 931 445 978 di
481 930 594 976 bene
627 930 671 976 in
701 929 880 994 meglio.
910 929 1031 976 Dell'
1056 929 1260 975 orazioni
1287 928 1332 974 di
1360 929 1420 976 V.
1451 929 1511 975 R.
1539 928 1590 975 P.
1617 939 1663 974 et
1693 927 1810 974 della

175 1022 319 1052 messa
343 1006 414 1053 del
444 1006 494 1052 P.
524 1006 676 1053 Mtro.
705 1005 907 1052 Polanco
938 1021 1018 1068 per
1050 1021 1145 1062 me,
1172 1004 1316 1050 molto
1340 1003 1562 1067 ringratio
1593 1002 1742 1066 quella
1765 1015 1809 1048 et

174 1080 201 1126 il
226 1081 356 1126 detto
383 1080 433 1126 P.
465 1079 615 1127 Mtro.
643 1079 855 1126 Polanco.

244 1154 379 1200 Hieri
407 1154 686 1200 riceuemmo
718 1153 867 1217 quelle
900 1153 944 1200 di
971 1153 1028 1199 V.
1066 1153 1124 1199 R.
1162 1152 1214 1199 P.
1245 1152 1302 1198 de
1338 1165 1392 1214 15
1424 1151 1496 1198 del
1528 1161 1736 1214 presente
1765 1161 1809 1196 et

134 1225 139 1229 ’
173 1228 361 1274 insieme
386 1227 425 1274 le
456 1245 608 1275 nuoue
632 1227 704 1274 del
736 1227 849 1274 salto
883 1244 1106 1291 generoso
1129 1227 1186 1273 de
1210 1226 1303 1273 don
1329 1225 1559 1272 Giouanni
1593 1225 1638 1272 di
1667 1225 1808 1271 Men-

173 1303 326 1350 dozza
345 1303 376 1362 ¹,
397 1302 512 1350 delle
537 1303 658 1367 quali
686 1302 831 1349 molto
856 1303 891 1349 ci
918 1302 1061 1348 siamo
1087 1301 1329 1365 rallegrati,
1363 1313 1408 1347 et
1433 1318 1487 1347 ne
1512 1300 1810 1364 ringratiamo

175 1379 235 1427 V.
266 1379 324 1425 R.
352 1378 401 1424 P.
433 1378 667 1424 Mandero
692 1377 732 1423 la
756 1378 886 1441 copia
911 1395 934 1423 a
959 1376 1156 1424 Genoua
1180 1388 1224 1422 et
1249 1394 1272 1422 a
1297 1376 1480 1440 Spagna
1503 1386 1663 1440 questa
1686 1374 1810 1421 setti-

173 1469 318 1499 mana.
353 1452 421 1498 La
448 1452 606 1498 lettera
629 1451 701 1498 del
738 1452 861 1499 Rdo.
890 1452 941 1500 P.
971 1452 1120 1498 Mtro.
1154 1451 1343 1514 Laynez
1371 1468 1450 1514 per
1481 1451 1508 1496 il
1541 1452 1657 1496 duca
1677 1449 1693 1474 ²
1718 1467 1809 1496 non

174 1527 202 1573 l'
228 1528 425 1574 hauemo
451 1537 619 1590 potuto
643 1527 771 1584 dare,
801 1527 858 1573 ne
889 1525 956 1572 far
987 1527 1117 1585 dare,
1144 1526 1309 1590 perche
1335 1526 1426 1572 Sua
1452 1526 1600 1573 Ecc.²³
1628 1525 1651 1572 ἐ
1676 1535 1811 1571 statta

173 1600 293 1648 fuori
326 1601 468 1665 hoggi
494 1601 540 1648 di
567 1600 782 1658 Firenze;
811 1618 885 1648 ma
909 1601 1186 1659 domattina,
1212 1601 1435 1665 piacendo
1465 1601 1503 1646 al
1536 1600 1749 1665 Signore,
1775 1600 1809 1647 si

172 1677 282 1724 dara
307 1694 331 1723 a
355 1676 483 1723 buon
509 1676 722 1741 recapito‚
739 1687 784 1723 et
801 1677 847 1723 di
873 1677 1026 1741 quello
1051 1676 1135 1723 che
1160 1688 1374 1740 potremo
1399 1676 1641 1735 intender’,
1666 1676 1810 1723 auisa-

173 1769 301 1798 remo
326 1752 382 1799 V.
415 1752 476 1800 R.
503 1752 554 1799 P.

238 1827 382 1875 Cerea
405 1827 478 1875 del
510 1827 563 1875 P.
594 1826 648 1872 M
658 1838 737 1874 tre.
766 1826 878 1875 Gio:
906 1826 1098 1873 Battista
1117 1826 1134 1851 ³
1158 1843 1264 1890 pare
1295 1827 1379 1873 che
1404 1843 1485 1890 per
1516 1836 1675 1890 questa
1699 1842 1811 1890 qua-

164 1902 335 1947 resima
359 1901 421 1948 sia
446 1902 692 1948 necessario
718 1901 815 1965 qui3
838 1918 909 1947 ma
929 1901 1052 1965 dipoi
1081 1901 1120 1946 la
1144 1901 1414 1965 quaresima,
1440 1917 1548 1964 pare
1572 1902 1672 1946 sara
1697 1899 1811 1946 bene

173 1975 255 2022 che
286 1975 470 2022 attenda
494 1993 519 2021 a
550 1974 751 2022 fondarsi
785 1975 954 2039 meglio
980 1975 1094 2022 nella
1126 1975 1475 2039 grammaticha‚
1504 1974 1811 2026 secondo'che

172 2050 386 2097 ordinet-a
411 2051 471 2097 V.
501 2051 559 2097 R.
587 2050 640 2098 P.

240 2124 384 2171 Cerea
415 2125 442 2171 il
470 2122 540 2170 far
564 2124 624 2189 gli
658 2123 867 2188 essercitij
895 2123 967 2170 del
1000 2122 1178 2170 fratello
1211 2123 1378 2170 boemo
1399 2121 1414 2147 ⁴
1447 2134 1492 2170 et
1515 2123 1574 2170 de
1610 2123 1812 2170 Marcho

175 2199 410 2256 tedescho,
447 2200 693 2245 uederemo
736 2210 895 2262 questa
933 2198 1175 2245 settimana
1215 2198 1465 2261 disponerli
1507 2215 1531 2244 a
1572 2198 1730 2262 quelli;
1766 2198 1810 2244 in

174 2284 336 2337 questo
362 2284 540 2319 mentre
564 2273 622 2320 V.
651 2273 708 2319 R.
740 2273 790 2320 P.
817 2290 863 2320 se
892 2273 1095 2337 degnera
1121 2273 1340 2320 mandare
1371 2272 1413 2319 la
1443 2268 1742 2331 resolutione,
1766 2289 1812 2319 se

174 2348 234 2412 gli
261 2365 343 2412 par
366 2348 481 2394 bene
504 2348 586 2395 che
611 2348 671 2412 gli
698 2346 874 2395 faccino
900 2349 1028 2396 hora.
1063 2347 1100 2394 Il
1126 2347 1305 2394 fratello
1331 2347 1512 2395 Lazaro
1536 2348 1569 2393 si
1595 2358 1719 2394 sente
1745 2348 1812 2393 in-

174 2422 380 2485 disposto
410 2422 528 2469 della
558 2434 677 2469 tosse
707 2434 752 2468 et
786 2439 876 2469 non
910 2423 960 2469 ce
994 2439 1190 2468 nessuno
1223 2422 1302 2484 qui
1333 2423 1415 2469 che
1448 2439 1580 2486 possa
1609 2422 1812 2486 supplire

229 2603 242 2630 ¹
300 2607 358 2643 De
378 2607 453 2643 hoc
467 2607 623 2654 juvene,
642 2607 740 2643 arcis
761 2606 1022 2644 Castelnuovo
1043 2605 1251 2653 praefecto,
1270 2606 1307 2642 in
1329 2605 1562 2643 Societatem
1584 2618 1705 2653 nuper
1724 2617 1811 2643 con-

176 2671 343 2716 volante,
371 2670 493 2706 multa
512 2670 628 2706 tradit
648 2670 856 2716 POLANCO‚
878 2674 903 2707 t.
923 2678 968 2706 VI
991 2670 1039 2705 ad
1059 2669 1163 2706 hunc
1182 2680 1338 2716 annum,
1360 2680 1473 2716 quem
1496 2670 1584 2706 vide
1605 2670 1669 2711 sis;
1692 2662 1811 2706 multa

176 2744 328 2781 quoque
360 2733 608 2770 inveniuntur
636 2733 673 2769 in
698 2730 857 2772 Cartas
883 2730 935 2770 de
963 2730 1051 2771 San
1080 2729 1272 2783 Ignacio,
1301 2737 1325 2769 t.
1347 2741 1410 2771 VI.
1437 2732 1493 2770 Cf.
1521 2733 1749 2779 praesertim
1773 2733 1833 2770 in‘

176 2793 420 2847 Appendice
454 2797 565 2843 hujus
601 2797 784 2843 postremi
819 2797 947 2843 operis
981 2799 1228 2832 monumenta
1263 2797 1309 2832 ad
1345 2807 1423 2833 rem
1459 2797 1688 2843 spectantia,
1721 2807 1810 2844 pag.

175 2860 365 2908 629-637.

228 2920 245 2945 ²
299 2922 460 2960 Cosmas
481 2923 529 2959 de
550 2922 734 2968 Medicis,
747 2922 966 2959 Florentiae
988 2922 1077 2958 dux.

229 2985 244 3010 ³
299 2987 468 3024 Joannes
488 2987 569 3024 Bta.
591 2986 811 3033 Firminius,
832 2987 879 3022 de
900 2996 988 3033 quo,
1012 2985 1170 3032 perinde
1191 2995 1236 3021 ao
1257 2986 1304 3021 de
1325 2985 1411 3021 aliis
1440 2984 1631 3021 florentini
1655 2982 1807 3031 collegii

181 3050 391 3096 sodalibus,
413 3050 477 3097 qui
498 3050 585 3086 heic
603 3050 820 3095 laudantur,
841 3050 918 3096 egit
940 3050 1113 3086 Guzman
1135 3049 1243 3096 epist.
1269 3058 1384 3095 1097.

232 3110 247 3136 ⁴
300 3113 503 3152 Balthasar
523 3113 744 3151 Ostovinus.
