2008 3510
325 235 401 285 526
791 233 1027 271 EPISTOLAE
1057 232 1304 271 Momm—1
1312 244 1333 270 2
1343 244 1387 284 15

1021 412 1160 447 1215

810 515 1011 552 PAULUs
1039 515 1108 551 DE
1137 515 1371 556 ACHILLIS
1442 574 1445 577 v

626 621 867 667 PATRI
915 620 1211 681 JACOBO
1266 621 1557 669 LAINEZ

721 733 913 760 PANORMO
944 734 994 772 24
1023 733 1256 760 NovEMBms
1290 723 1389 773 1556
1419 721 1450 762 ¹.

266 847 362 884 Cum
391 847 561 883 Joannes
583 848 630 882 de
651 848 779 893 Vega,
803 847 1030 892 magistratu
1053 847 1133 893 jam
1164 847 1336 892 functus,
1365 857 1384 882 e
1415 847 1548 883 Sicilia
1578 847 1627 884 sit
1654 848 1904 895 discessurus,

321 912 462 956 plures,
485 910 671 947 Societati
692 921 768 946 non
789 911 979 957 benevoli,
999 914 1141 957 negant
1163 910 1378 946 subsidium
1396 910 1509 946 nobis
1528 906 1791 956 praebendum
1808 921 1904 959 esse,

321 975 423 1020 quod
447 975 633 1009 hactenus
655 973 868 1009 solvebant.

895 1093 1031 1154 Jesus
1056 1095 1088 1155 ἦ*
1113 1093 1280 1140 Maria.
1330 1100 1331 1103 ’

332 1214 491 1260 Molto
520 1214 642 1260 Rdo.
676 1213 718 1259 in
746 1213 934 1259 Christo
963 1213 1125 1259 Padre.
1164 1212 1261 1258 Pax
1293 1212 1407 1275 Xpi.
1439 1212 1620 1259 Benche
1655 1229 1736 1275 per
1765 1213 1838 1258 uia
1861 1213 1906 1259 di

269 1287 471 1333 Messina
497 1287 662 1332 habbia
686 1287 841 1333 scritto
867 1304 891 1332 a
917 1287 978 1334 V.
1006 1286 1064 1332 R.
1092 1286 1161 1344 Ρ.,
1187 1286 1371 1332 dandoli
1399 1286 1523 1332 auiso
1548 1285 1666 1332 delle
1699 1303 1801 1332 cose
1825 1287 1907 1332 che

266 1378 573 1407 occorreuano
599 1361 713 1406 circa
738 1377 762 1406 a
787 1372 948 1424 questo
971 1360 1210 1424 colleggio‚
1237 1361 1535 1416 nondimeno,
1557 1360 1722 1423 perche
1746 1361 1781 1406 si
1803 1377 1904 1423 par-

267 1437 358 1481 tiua
399 1453 490 1482 vno
521 1436 666 1481 amico
700 1447 858 1481 nostro
892 1451 973 1497 per
1008 1434 1200 1497 Napoli,
1235 1435 1296 1480 ho
1328 1435 1486 1480 scritto
1517 1434 1562 1479 di
1596 1451 1719 1480 nouo
1750 1446 1907 1493 queste

267 1510 411 1571 poche
438 1510 605 1572 parole.
634 1508 669 1554 Il
699 1509 848 1554 Padre
882 1507 1159 1570 prouinciale
1184 1507 1200 1532 ²
1225 1519 1292 1553 sta
1317 1509 1360 1553 in
1388 1509 1606 1570 Trapana
1629 1525 1713 1553 con
1741 1509 1784 1555 S.
1812 1508 1869 1555 E.
1891 1507 1905 1532 ³

267 1584 362 1629 Noi
396 1600 485 1646 qua
517 1599 597 1645 per
631 1582 670 1627 la
701 1582 845 1645 gratia
882 1583 943 1627 dil
973 1582 1137 1644 Signor
1171 1582 1334 1627 stiamo
1366 1581 1499 1637 bene,
1533 1592 1578 1627 et
1610 1582 1906 1627 continuamo

268 1658 369 1703 nelli
392 1657 533 1703 nostri
558 1657 678 1702 soliti
704 1656 892 1720 esercitij
920 1656 1039 1702 della
1064 1657 1210 1702 chiesa
1234 1666 1279 1702 et
1303 1655 1420 1702 delle
1444 1656 1609 1703 schole,
1639 1657 1726 1702 Per
1749 1669 1907 1720 questa

267 1744 487 1794 partenza
510 1732 565 1777 de
589 1731 629 1777 S.
659 1731 715 1778 E.
744 1731 792 1776 di
817 1742 979 1793 questo
996 1747 1156 1793 regno,
1178 1730 1306 1776 molti
1328 1747 1373 1776 se
1392 1731 1677 1777 dirnostrano
1693 1731 1904 1795 contrarij

267 1824 290 1852 a
323 1806 419 1862 noi,
458 1817 502 1851 et
538 1822 657 1850 uano
692 1805 886 1851 dicendo
916 1805 1000 1850 che
1037 1805 1076 1850 la
1106 1806 1215 1851 citra
1251 1822 1342 1851 non
1376 1806 1411 1850 si
1441 1807 1608 1868 pagara
1641 1807 1679 1851 16
1712 1820 1804 1852 200
1834 1804 1906 1865 Δ,

265 1897 395 1926 come
419 1880 458 1925 S.
489 1880 545 1926 E.
573 1882 675 1925 sara
700 1880 865 1942 partita
886 1878 915 1926 4.
946 1880 1021 1925 Mi
1049 1879 1073 1924 ὲ
1099 1891 1216 1925 stato
1241 1880 1369 1926 detto
1393 1880 1475 1926 che
1500 1880 1527 1926 il
1552 1881 1708 1944 signor
1724 1892 1907 1943 pretore

266 1954 312 2000 di
332 1965 490 2017 questa
508 1954 616 1999 citta
638 1970 859 2015 procui-ra
877 1953 934 1999 de
954 1952 1036 1999 far’
1057 1954 1139 1999 che
1160 1954 1198 1998 la
1217 1954 1325 1999 citta
1344 1954 1418 2000 dia
1436 1964 1569 2000 cento
1589 1955 1747 2001 schudi
1769 1972 1793 2000 a
1812 1972 1905 2001 uno

265 2028 495 2091 fiamengo
521 2044 600 2090 per
626 2044 714 2073 vna
741 2028 926 2073 lettione
951 2044 1104 2092 greca,
1130 2040 1174 2074 et
1199 2045 1289 2074 non
1316 2045 1366 2074 so
1390 2029 1460 2074 chi
1485 2028 1529 2074 lo
1555 2045 1714 2085 moua,
1740 2030 1905 2092 perche

267 2101 336 2147 nel
369 2113 527 2147 nostro
558 2101 781 2164 colleggio
805 2102 912 2164 ogni
946 2103 1111 2165 giorno
1144 2103 1178 2148 si
1214 2103 1380 2166 legono
1411 2114 1576 2166 quatro
1609 2103 1799 2159 lettioni,
1824 2104 1903 2150 doi

264 2193 346 2239 per
370 2176 397 2220 li
425 2175 726 2238 principianti‚
752 2189 797 2221 et
822 2177 898 2223 doi
919 2194 999 2239 per
1025 2177 1051 2222 li
1082 2177 1161 2239 pisi
1181 2176 1402 2240 prouecti.
1430 2178 1500 2222 Sia
1521 2178 1584 2224 dil
1605 2190 1727 2224 tutto
1747 2178 1902 2225 lodato

263 2260 420 2295 nostro
447 2249 626 2312 Signor.
653 2249 741 2294 Dal
767 2262 900 2296 canto
926 2260 1082 2296 nostro
1107 2267 1200 2296 non
1230 2251 1263 2296 si
1300 2267 1476 2298 manca:
1511 2251 1627 2297 delle
1659 2252 1769 2298 altre
1799 2269 1901 2299 cose

265 2324 324 2369 ho
343 2323 500 2369 scritto
519 2339 600 2385 per
620 2322 659 2368 le
679 2323 803 2370 altre.
825 2324 939 2370 Non
960 2325 1022 2371 mi
1041 2341 1224 2371 occorre
1243 2325 1358 2371 altro
1377 2342 1459 2388 per
1483 2326 1653 2382 adesso,
1672 2327 1899 2373 senonche

264 2415 441 2461 sempre
482 2397 588 2443 tutti
629 2414 675 2443 se
717 2399 1111 2445 raccomandiamo
1154 2398 1226 2445 all'
1245 2399 1440 2445 orationi
1483 2401 1542 2446 de
1572 2399 1633 2447 V.
1670 2400 1729 2447 R.
1757 2399 1809 2447 P.
1836 2400 1899 2447 Di

267 2473 478 2519 Palermo
503 2472 574 2518 alli
601 2488 664 2531 24
687 2473 744 2519 de
770 2473 1047 2520 Nouembro
1079 2474 1212 2536 1556.
1243 2474 1306 2521 D.
1334 2474 1391 2520 V.
1420 2474 1481 2521 R.
1503 2473 1555 2521 P.
1583 2474 1900 2537 indignissimo

263 2564 397 2593 seruo
422 2548 465 2593 in
491 2547 605 2607 Jesu
626 2547 826 2605 Christo,
1491 2594 1493 2596 .

1155 2622 1324 2668 PAOLo
1363 2638 1423 2668 DE
1459 2622 1700 2667 AcmLLE.

320 2774 332 2800 ¹
391 2776 447 2813 Ex
470 2777 710 2823 autographo
735 2778 772 2812 in
793 2778 870 2814 vol.
892 2777 933 2823 F,
955 2777 1100 2824 duplici
1122 2776 1228 2823 folio,
1249 2787 1283 2814 n.
1309 2788 1396 2824 220,
1418 2776 1523 2823 prius
1547 2777 1633 2822 163.

318 2835 334 2860 2
389 2839 649 2885 Hieronymus
669 2838 904 2877 Domenech.

318 2898 333 2922 ³
388 2901 555 2937 Joannes
576 2902 622 2937 de
643 2901 764 2947 Vega,
790 2912 837 2937 ex
857 2901 992 2938 Sicilia
1019 2902 1057 2937 in
1081 2901 1326 2947 Hispaniam,
1355 2900 1509 2937 functus
1531 2901 1703 2947 proregis
1729 2911 1895 2947 munere,

265 2963 528 3009 navigaturus,
550 2964 597 2999 de
620 2974 696 3010 qua
715 2975 754 2999 re
775 2964 873 3000 infra
893 2964 1035 3000 redibit
1054 2975 1194 3002 sermo.

319 3021 334 3046 ⁴
388 3025 577 3062 Videatur
607 3027 813 3073 POLANCO‚
836 3031 861 3064 t.
882 3035 939 3073 vl,
962 3037 1049 3073 pag.
1081 3037 1169 3074 291,
1197 3038 1233 3063 n.
1259 3027 1372 3074 1156,
1404 3035 1517 3074 1157,
1546 3026 1612 3062 ubi
1646 3026 1742 3062 baec
1774 3026 1898 3073 magis

266 3086 519 3124 declarantur.
1941 3082 1952 3092 ’
