2008 3510
730 282 782 322 30
811 270 1058 310 Novaunms
1090 270 1190 322 1556
1645 283 1721 322 533

140 377 360 434 cantibus,
385 376 500 422 sicut
514 377 615 440 jam
639 376 695 421 ab
719 375 892 439 aliquot
924 374 1052 421 annis
1083 386 1296 438 paratum
1320 374 1408 421 fuit
1442 376 1487 422 in
1511 392 1692 422 summa
1726 386 1773 422 et

140 452 339 499 secunda
361 451 568 508 ecclesiis,
593 451 650 497 de
674 467 870 514 quarum
893 461 1058 497 ornatu
1076 450 1494 515 commoditateque
1511 451 1773 498 communi-

142 527 344 573 cantium
384 525 668 589 frequentius
708 525 879 588 scripsi.
917 524 972 572 P.
1016 525 1254 572 Candidus
1284 524 1296 549 ¹
1330 527 1431 591 jam
1474 538 1605 589 parat
1637 542 1683 572 se
1722 536 1776 573 vt

143 601 327 664 incipiat
350 600 606 647 concionari
633 599 768 646 latine
793 599 838 645 in
862 597 979 646 festo
1003 599 1252 646 natiuitatis
1279 599 1488 646 Domini.

211 675 374 722 Electo
393 675 606 738 episcopo
624 675 922 721 cameracensi
940 674 1079 721 locuti
1098 690 1258 720 sumus
1275 674 1308 722 ².
1329 674 1635 721 Salutauimus
1653 691 1775 732 eum,

143 749 488 813 obtulimusque
519 765 708 812 operam
735 758 959 805 nostram;
983 748 1062 812 qui
1093 747 1228 795 valde
1251 749 1451 795 humane
1481 749 1645 812 pieque
1675 766 1776 795 sus-

146 823 266 886 cepit
291 839 395 881 nos,
420 822 694 885 promittens
725 821 855 868 nobis
885 838 1073 868 omnem
1104 820 1313 868 fauorem
1344 835 1389 868 et
1418 823 1701 882 charitatem,
1726 833 1778 869 vt

146 896 277 943 latius
304 895 469 943 referet
494 896 546 943 P.
575 896 634 942 V.
664 895 799 942 Pater
824 895 1149 958 Ribadineyra.

210 971 357 1018 Aliud
376 988 468 1017 non
488 971 634 1017 habeo
653 971 779 1034 quod
798 969 991 1016 scribam
1013 970 1068 1017 P.
1089 970 1166 1027 V„
1186 970 1268 1016 nisi
1287 971 1413 1034 quod
1432 987 1515 1016 nos
1535 982 1778 1034 nostraque

144 1045 299 1091 omnia
316 1045 694 1092 commendemus
717 1043 1000 1090 orationibus
1024 1043 1075 1091 P.
1096 1043 1158 1091 V.
1183 1043 1485 1108 omniumque
1511 1044 1703 1090 Patrum
1728 1060 1778 1090 ac

145 1118 356 1167 fratrum.
383 1119 574 1182 Raptim
594 1118 800 1164 Louaniix.
814 1120 873 1164 28
893 1117 1178 1164 Nouembris
1202 1134 1322 1164 anno
1348 1118 1480 1179 1556.
1504 1118 1622 1164 Rde.
1643 1117 1694 1164 P.
1716 1117 1776 1165 V.

144 1211 302 1240 seruus
326 1194 373 1240 in
400 1193 623 1250 Domino,

1032 1257 1300 1304 Annianus
1336 1258 1587 1304 ADRIANI.

210 1361 463 1422 Inscriptio:
490 1360 522 1420 -i-
546 1359 670 1405 Rdo.
696 1358 742 1403 in
769 1355 852 1404 X.⁰
877 1357 1018 1416 Patri,
1044 1358 1176 1421 Mag.
1202 1357 1380 1418 Jacobo
1399 1357 1591 1420 Laynes,
1612 1356 1780 1403 vicario

145 1433 366 1496 generalis
399 1432 641 1496 praepositi
671 1431 902 1478 Societatis
933 1431 1066 1492 Jesu,
1099 1432 1221 1495 apud
1251 1432 1293 1479 S.
1332 1432 1575 1490 Marcum,
1610 1431 1657 1477 in
1687 1431 1777 1478 Sta.

146 1506 303 1553 Maria
332 1507 390 1553 de
428 1506 603 1553 Strada.
638 1506 830 1552 Romae.
867 1505 1062 1552 Franco.
1096 1506 1204 1552 Alia
1234 1522 1383 1552 manu:
1417 1518 1549 1567 1557.
1580 1505 1694 1552 R.tae
1724 1518 1776 1565 17

144 1581 362 1641 Januarii.
824 1637 849 1661 ο

892 1719 917 1752 1
928 1718 959 1752 2
968 1719 1036 1753 18

718 1805 1019 1842 ALPHONSUS
1048 1805 1209 1842 LOPEZ

554 1891 768 1938 PATRI
804 1891 1069 1952 JACOBO
1107 1892 1370 1940 LAINEZ

598 1995 789 2021 connum
818 1995 870 2035 30
898 1995 1132 2022 NovEMBms
1165 1986 1265 2036 1556
1294 1984 1325 2022 ³.

147 2092 366 2137 Sociorum,
399 2092 438 2127 in
472 2092 701 2128 cordubensi
732 2092 935 2137 gymnasio
971 2092 1207 2138 degentium,
1239 2092 1779 2138 numerus.—Discipulorum

200 2153 418 2200 frequentia
443 2164 489 2190 ac
516 2160 619 2190 recta
647 2153 1014 2199 institutio.-Dies,
1040 2158 1195 2190 sanctae
1223 2154 1452 2191 Catharinae
1480 2165 1608 2201 sacra,
1640 2165 1780 2201 magna

198 2225 341 2262 pompa
374 2220 411 2251 et
445 2215 679 2251 carminibus
714 2214 1134 2261 agnon—Episcopus
1170 2217 1440 2261 cordubensis,
1479 2216 1699 2262 Leopoldus
1731 2217 1778 2253 de

199 2278 368 2323 Austria,
388 2278 484 2314 bene
505 2279 551 2313 de
578 2278 772 2314 Societate
799 2276 1154 2314 sentit—Libellus
1177 2279 1223 2314 de
1253 2279 1366 2324 copia
1385 2278 1607 2323 verborum,
1634 2278 1777 2314 Romae

201 2339 240 2375 in
257 2340 382 2376 lucem
407 2340 543 2384 editus,
565 2339 767 2376 Cordubae
795 2339 932 2374 iterum
959 2339 1170 2386 excuditur,
1195 2344 1231 2376 et
1258 2341 1397 2387 legitur
1423 2340 1461 2375 in
1488 2340 1777 2377 scholis—Alii

199 2402 287 2437 libri
308 2401 860 2438 desiderantur.—Christiana
878 2402 1054 2437 doctrina
1069 2402 1240 2439 docetur:
1260 2403 1418 2438 verbum
1436 2402 1607 2439 divinum
1627 2403 1776 2440 seritur:

201 2465 388 2500 bonorum
409 2464 670 2500 restitutiones
690 2463 1060 2500 fiunt.-—Candidati
1082 2463 1300 2502 Societatis.

953 2566 975 2600 †

913 2603 1012 2662 Jhs.

215 2702 339 2765 Muy
366 2702 488 2749 Rdo.
517 2702 664 2749 Padre
697 2713 880 2748 nuestro
905 2718 959 2747 en
986 2701 1187 2750 Christo.
1225 2702 1321 2749 Pax
1353 2702 1536 2749 Christi.
1576 2702 1649 2748 En
1683 2713 1776 2749 este

148 2775 340 2839 collegio
364 2774 598 2822 residimos
623 2775 661 2820 al
687 2787 893 2837 presente
919 2775 1068 2821 veinte
1094 2792 1120 2838 y
1145 2776 1248 2823 dos:
1275 2777 1357 2822 seis
1375 2775 1642 2832 sacerdotes,
1661 2792 1689 2838 y
1709 2775 1777 2822 los

203 2929 215 2954 ¹
271 2931 310 2968 P.
332 2932 527 2967 Adrianus
547 2931 746 2967 Candidus
766 2929 936 2979 (Witte).

202 2989 219 3014 ²
272 2992 460 3029 Robertus
480 2994 526 3028 de
553 2992 666 3039 Croy,
686 2993 964 3028 cameracensis
991 2992 1205 3039 episcopus,
1227 2993 1375 3029 obierat
1396 3002 1442 3038 31
1468 2991 1633 3038 Augusti
1658 3000 1702 3039 15
1710 2991 1771 3039 56;

152 3055 212 3091 cui
231 3055 417 3091 successit
436 3055 724 3091 Maximilianus
744 3055 791 3090 de
811 3054 1011 3099 &Valhaim
1033 3055 1176 3091 electus
1199 3066 1247 3091 10
1267 3053 1516 3100 Septembris.
1539 3054 1673 3091 GAMS.

206 3114 222 3140 ³
277 3117 334 3153 Ex
353 3117 529 3163 originali
553 3118 592 3153 in
614 3118 688 3153 vol.
710 3116 752 3162 F,
773 3117 916 3163 duplici
938 3116 1041 3162 folio,
1063 3127 1099 3153 n.
1121 3127 1213 3164 317,
1236 3118 1341 3163 prius
1361 3126 1450 3162 343.
