2008 3510
320 241 395 291 578
781 241 1017 279 EPISTOLAE
1046 241 1290 292 ΜῙΧΤΑΕ-Ι
1299 254 1319 280 2
1326 242 1375 291 36

265 345 416 408 uoglia
439 345 611 407 degnar
635 345 691 390 de
715 344 960 390 consolarci
986 347 1071 390 con
1099 344 1136 390 le
1159 361 1238 391 sue
1269 345 1445 402 lettere,
1477 345 1580 408 quel
1605 345 1688 390 che
1719 361 1799 408 pet·
1823 345 1888 392 sin

263 419 441 474 adesso,
469 430 595 480 parte
621 434 702 480 per
727 418 753 463 l’
775 418 997 481 indignita
1028 431 1201 475 nostra,
1235 429 1362 481 parte
1391 434 1472 481 per
1497 435 1588 464 non
1613 419 1709 464 dar’
1730 430 1892 482 questo

265 490 450 537 fastidio
476 491 559 536 alla
588 491 638 538 P.
673 491 748 548 V.,
782 508 874 536 non
907 492 967 537 mi
998 492 1094 537 son’
1113 491 1260 537 ardito
1290 509 1315 537 a
1345 492 1640 538 domondare.
1678 492 1754 538 Mi
1780 509 1890 538 con-

263 579 444 629 strenge
469 566 582 612 hora
606 583 630 611 a
654 565 789 623 farlo,
814 566 930 611 oltra
956 567 993 611 le
1017 566 1129 612 altre
1151 583 1302 622 cause,
1335 567 1361 611 il
1395 578 1531 629 gusto
1555 565 1787 629 spirituale
1811 566 1893 613 che

264 641 369 687 inde
396 658 451 686 ne
479 641 714 702 prouiene3
750 641 1014 702 imperoche
1047 641 1125 703 piu
1158 640 1273 687 delle
1305 641 1426 686 uolte
1450 657 1595 686 sonno
1619 641 1665 687 di
1691 641 1776 686 tale
1799 641 1893 686 effi-

261 715 380 760 cacia
404 714 551 778 quelle
575 732 677 760 cose
701 715 782 760 che
807 715 840 760 si
866 727 1073 770 sentono‚
1098 715 1179 760 che
1207 714 1234 760 li
1260 715 1386 777 pegri
1411 732 1435 760 e
1460 714 1566 760 lenti
1594 714 1663 760 nel
1690 713 1892 776 profetto

266 787 517 850 spirituale,
544 788 588 833 in
614 788 718 851 qual
746 805 937 833 numero
963 789 1006 833 io
1030 805 1080 833 so
1104 804 1280 834 esserne
1300 788 1325 833 il
1348 788 1512 851 primo,
1531 789 1564 834 si
1584 788 1789 834 excitano
1807 805 1893 834 con

266 862 405 907 nuoui
431 862 667 924 propositi.

331 935 388 980 In
415 935 640 998 colleggio
664 947 708 980 et
732 935 774 981 in
803 952 900 980 casa
925 935 968 981 di
995 935 1265 998 probatione
1286 936 1389 981 tutti
1410 946 1598 981 estanno
1623 935 1663 981 al
1690 947 1895 998 presente

265 1009 403 1065 bene,
435 1026 515 1072 per
545 1002 691 1072 gratia
723 1010 767 1055 d’
789 1010 946 1067 Iddio,
976 1026 999 1054 e
1031 1010 1138 1072 ogni
1175 1026 1288 1067 uno,
1320 1010 1517 1055 secondo
1548 1009 1575 1055 il
1607 1009 1764 1067 solito,
1801 1010 1895 1054 esta

265 1095 489 1145 occupato
525 1083 626 1129 nelli
659 1084 756 1129 suoi
790 1082 1014 1147 essercitij.
1052 1083 1254 1129 Escolari
1286 1082 1531 1129 habbiamo
1563 1097 1621 1144 27
1630 1096 1678 1145 5;
1716 1083 1893 1128 esserci-

264 1168 387 1203 tante
414 1158 567 1204 niuno.
596 1158 730 1205 Iddio
754 1158 910 1220 signor
935 1169 1091 1203 nostro
1117 1158 1178 1202 sia
1213 1174 1391 1220 sempre
1422 1158 1466 1203 in
1494 1169 1651 1203 nostro
1676 1158 1894 1203 continuo

263 1231 437 1279 fauore.
464 1234 630 1279 Amen.
655 1233 728 1278 De
749 1232 954 1278 Messina
970 1232 1041 1277 alli
1066 1246 1127 1290 24
1144 1232 1188 1277 di
1210 1230 1467 1277 Decembro
1487 1231 1595 1277 dell’
1615 1248 1734 1277 anno
1757 1231 1892 1292 1556.

266 1306 356 1352 Per
379 1307 698 1353 commissione
723 1307 767 1353 di
796 1320 950 1352 nostro
980 1307 1105 1353 Rdo.
1138 1307 1285 1353 Padre
1310 1318 1490 1352 rettore.
1517 1306 1650 1352 Delia
1674 1306 1734 1353 R.
1765 1306 1819 1352 V.
1842 1306 1890 1352 P.

263 1380 462 1443 indegno
487 1397 619 1426 seruo
643 1398 666 1426 e
694 1380 865 1443 figliolo
894 1381 938 1425 in
965 1378 1063 1438 X.⁰‚

1095 1462 1387 1508 FRANeEsco
1422 1462 1703 1509 STEPHANO.

330 1574 582 1635 Inscriptio:
621 1575 653 1634 ζ
679 1573 741 1619 Al
767 1573 909 1619 molto
939 1573 1062 1619 Rdo.
1094 1573 1138 1618 in
1172 1571 1254 1618 X.⁰
1281 1573 1449 1628 Padre‚
1482 1572 1510 1617 il
1536 1572 1586 1618 P.
1609 1572 1756 1618 Mtro.
1785 1572 1895 1619 Gia-

264 1664 399 1693 como
433 1648 630 1705 Lainez,
660 1647 829 1692 vicario
859 1646 1066 1709 generale
1099 1646 1214 1691 della
1245 1646 1532 1710 Compagnia
1562 1648 1607 1693 di
1643 1647 1808 1704 Giesfi,
1849 1648 1895 1693 in

272 1721 436 1766 Roma.
464 1722 572 1767 Alia
598 1737 745 1767 manu:
775 1721 871 1767 Rsa
893 1737 917 1764 a
941 1736 989 1765 XI
1016 1720 1060 1765 di
1089 1719 1298 1766 Gennaio
1330 1734 1463 1782 1557.

1014 1913 1041 1946 1
1050 1912 1157 1946 28ss

821 1998 1130 2035 PANTALEON
1158 1998 1348 2035 RODINO

616 2086 853 2132 PATRI
905 2085 1202 2146 JACOBO
1258 2085 1542 2132 LAINEZ

727 2189 908 2216 MESSANA
939 2190 989 2228 24
1018 2188 1250 2216 DECEMBRIS
1281 2178 1382 2229 1556
1412 2177 1439 2216 ¹.

268 2284 485 2331 Collegium
516 2284 784 2320 mamertinum
819 2295 841 2319 a
876 2284 1076 2320 malevolis
1103 2284 1349 2331 impugnatur
1386 2284 1434 2320 ob
1462 2284 1675 2330 ingressum
1702 2283 1897 2321 Francisci

322 2346 444 2383 Bursa
473 2346 511 2382 in
542 2345 875 2382 Societatem—E
902 2357 939 2382 re
975 2346 1126 2382 videtur
1160 2346 1258 2392 fore,
1288 2351 1330 2382 ut
1362 2346 1426 2382 hic
1451 2348 1553 2383 bona
1579 2358 1649 2383 sua
1674 2346 1898 2393 parentibus

323 2408 664 2446 cedat.-Antonii
685 2409 870 2454 Viperani
891 2409 1039 2445 litteras
1060 2409 1196 2446 fratres
1217 2411 1298 2456 ejus
1319 2410 1551 2448 desiderant.

1080 2531 1100 2564 s

336 2603 494 2649 Molto
529 2602 655 2649 Rdo.
688 2601 733 2647 in
765 2602 949 2648 Christo
981 2602 1143 2650 Padre.
1180 2602 1276 2648 Pax
1306 2603 1492 2651 Christi.
1523 2603 1644 2649 Sono
1672 2603 1820 2649 circha
1850 2602 1896 2649 di

274 2690 298 2738 5
338 2676 460 2721 meisi
493 2676 576 2722 che
606 2675 728 2721 intro
763 2676 876 2722 nella
910 2676 1196 2740 Compagnia
1227 2687 1379 2722 nostra
1408 2694 1470 2723 vn
1503 2677 1718 2740 giouane,
1749 2677 1832 2723 che
1861 2676 1897 2723 si

270 2749 447 2796 chiama
488 2749 581 2796 don
623 2748 869 2796 Francesco
909 2750 1074 2807 Bursa,
1115 2766 1249 2796 como
1283 2749 1324 2796 la
1363 2751 1418 2798 P.
1454 2750 1507 2797 V.
1554 2768 1607 2797 ne
1640 2750 1688 2797 fu
1730 2751 1899 2797 auisata

271 2822 410 2868 allora
429 2822 460 2880 ²,
484 2834 530 2868 et
559 2833 720 2886 questo
744 2823 937 2886 giouane
963 2825 1084 2870 intro
1108 2834 1264 2869 contra
1298 2823 1486 2870 volunta
1515 2824 1560 2870 di
1585 2840 1667 2870 suo
1691 2824 1830 2887 padre
1853 2834 1899 2871 et

326 2966 339 2992 ¹
396 2969 453 3005 Ex
478 2969 717 3016 autographo
750 2970 789 3005 in
813 2970 889 3006 vol.
918 2969 959 3017 F,
989 2980 1024 3005 n.
1055 2965 1196 3016 219b18.
1225 2968 1377 3016 Scripta
1410 2970 1480 3006 fuit
1513 2981 1535 3006 a
1569 2974 1677 3017 tergo
1713 2969 1898 3016 epistolae

271 3032 550 3077 praecedentis.
616 3053 618 3055 ·

326 3090 343 3115 2
397 3093 469 3131 Ms.
492 3090 702 3132 allobora.
