2040 3528
781 301 830 341 23
861 291 1077 331 Ocronms
1109 302 1211 343 1555
1716 307 1763 355 4?

171 406 319 442 tantes
342 411 432 459 que
455 395 534 441 363
559 411 606 441 36
630 395 688 442 ha
714 396 940 458 offrecido
960 415 1068 462 para
1091 398 1130 445 el
1149 399 1384 462 prouecho
1403 399 1522 446 dela
1541 399 1818 464 Compafiia,

171 487 350 534 porque
374 487 430 516 en
456 469 631 534 aquella
660 471 953 520 vniuersidad
984 473 1180 537 siempre
1211 490 1265 536 ay
1299 490 1412 537 muy
1443 474 1607 521 doctos
1631 475 1819 522 lectores

171 546 229 591 de
253 543 458 608 teologia
480 561 510 607 y
534 557 667 601 arteS‚
693 563 722 608 y
747 563 802 592 en
827 563 973 609 cyneo
998 552 1109 593 afios
1132 549 1160 594 6
1185 548 1270 594 seis
1294 565 1339 594 se
1358 565 1476 610 oyen
1497 561 1614 595 artes
1633 567 1661 612 y
1682 550 1816 597 theo-

172 620 310 683 logia,
336 637 364 682 y
390 620 501 666 toda
524 620 736 666 doctrina
766 622 824 668 (16
854 634 985 668 santo
1019 624 1214 680 Tomas,
1247 640 1277 685 y
1312 639 1451 686 agora
1475 641 1533 687 ay
1555 641 1613 687 ya
1635 626 1819 672 catedra

169 696 227 742 de
260 696 498 754 escritura,
530 713 620 760 que
651 699 751 744 sera
780 714 894 760 muy
925 699 951 744 a
984 698 1224 761 prop6sito
1254 715 1363 761 para
1393 698 1523 745 saber
1560 701 1731 746 mucho
1761 717 1816 746 en

170 786 289 833 poco
315 771 490 833 tiempo
511 769 542 818 ¹.
569 770 632 816 Es
661 783 888 818 menester
918 788 1009 836 que
1030 772 1090 820 V.
1119 772 1172 820 P.
1206 772 1264 818 (16
1296 772 1418 819 63101·
1443 775 1469 819 a
1494 786 1606 831 esto,
1639 792 1817 839 porque

171 860 232 889 no
258 842 367 890 falta
392 844 529 908 quien
555 861 752 908 procure
775 846 833 892 de
857 845 1120 904 entibiarlo;
1152 863 1182 909 y
1211 863 1325 910 pues
1356 846 1393 892 el
1426 848 1637 893 cardenal
1665 850 1721 895 de
1746 850 1816 895 Si-

169 921 354 982 gfienca
374 917 391 943 ²
414 920 510 965 esta
534 935 621 983 por
644 920 744 978 3113,
770 938 801 984 y
823 921 957 967 desea
980 932 1109 967 tanto
1134 932 1233 967 esto
1264 938 1310 967 se
1340 921 1551 979 effectfie‚
1583 940 1819 985 speramos

170 1009 226 1038 en
252 992 291 1039 el
318 994 462 1039 Sefior
485 1010 576 1057 que
599 1011 646 1040 36
668 994 915 1053 concluira,
941 1011 1031 1059 que
1049 1011 1138 1058 por
1155 998 1235 1042 aea
1254 995 1423 1042 tienese
1442 997 1692 1043 entendido
1713 1015 1817 1061 que,

169 1067 406 1130 poniendo
426 1068 468 1114 S.
493 1068 537 1116 S.
561 1069 698 1115 Rma.
718 1086 771 1115 su
791 1067 940 1126 fauor,
960 1072 1071 1116 aura
1089 1069 1274 1127 effecto,
1296 1087 1395 1132 assy
1418 1070 1462 1116 lo
1481 1071 1537 1117 de
1558 1071 1598 1116 la
1623 1071 1819 1118 hermita

168 1142 227 1188 de
253 1154 436 1188 nuestra
462 1143 633 1189 Sefiora
656 1143 713 1190 de
737 1143 805 1190 los
831 1143 1034 1203 huertos,
1060 1161 1150 1209 que
1167 1162 1214 1190 63
1234 1145 1274 1190 13
1292 1161 1391 1191 6333
1410 1146 1436 1190 a
1455 1162 1545 1209 que
1572 1158 1669 1192 esto
1694 1163 1740 1191 36
1761 1146 1819 1191 113

168 1217 227 1264 (16
251 1234 433 1275 anexar,
458 1234 593 1264 como
618 1217 659 1263 13
683 1219 894 1277 anexi6n,
922 1235 1028 1283 que,
1054 1235 1238 1284 aunque
1262 1236 1320 1265 va
1351 1231 1511 1282 puesta
1541 1237 1596 1266 en
1629 1232 1818 1284 quatro—

171 1292 345 1338 cientos
369 1293 398 1337 6
422 1291 684 1356 quinientos
708 1292 929 1352 ducados,
956 1293 1115 1341 valdra
1140 1310 1269 1354 cerea
1291 1294 1349 1340 de
1374 1295 1642 1340 setecientos
1666 1296 1694 1340 6
1720 1297 1820 1341 mas

168 1367 372 1413 ducados
393 1366 420 1413 ³.
449 1366 496 1412 Y
521 1383 634 1430 pues
657 1379 752 1414 esta
776 1385 836 1414 no
855 1386 902 1415 es
921 1385 1030 1432 para
1050 1370 1165 1428 mas,
1187 1385 1306 1429 6630,
1325 1368 1595 1432 suplicando
1615 1369 1655 1415 al
1676 1369 1819 1416 Sefior

167 1441 213 1488 lo
237 1442 348 1506 guie
371 1442 486 1489 todo
511 1443 537 1488 a
561 1459 614 1488 su
641 1459 803 1505 mayor
827 1442 992 1507 gloria.

233 1516 461 1579 Ayudara
485 1516 657 1563 mucho
691 1517 733 1563 al
763 1518 883 1564 dean
915 1534 1005 1582 que
1031 1518 1092 1565 V.
1119 1517 1173 1565 P.
1207 1517 1247 1564 le
1276 1517 1450 1564 escriua
1483 1517 1653 1581 alguna
1686 1517 1812 1564 letra.

166 1591 244 1637 De
262 1591 426 1638 Alcala
443 1608 472 1655 y
491 1592 549 1638 de
574 1591 758 1638 Otubre
783 1607 843 1653 23
864 1592 922 1640 (16
947 1606 1082 1657 1555.
1104 1593 1180 1639 De
1197 1593 1260 1640 V.
1280 1592 1333 1639 Ρ.
1361 1592 1559 1638 minimo
1579 1592 1602 1639 ἑ
1624 1593 1819 1656 indigno

165 1666 280 1732 hijo,

1342 1739 1617 1786 EMANUEL.

232 1848 487 1911 Inscriptio:
513 1812 615 1911 Jlis.
641 1848 704 1895 Al
731 1865 843 1912 muy
863 1848 986 1895 Rdo.
1013 1864 1070 1895 en
1089 1847 1279 1895 Christo
1302 1848 1466 1906 padre,
1485 1849 1525 1895 61
1547 1849 1601 1898 Ρ.
1622 1847 1716 1896 M.⁰
1736 1848 1815 1913 Ig-

223 2039 238 2065 ¹
296 2041 354 2078 De
388 2042 561 2088 cogitata
590 2042 777 2088 siguntini
810 2042 966 2089 collegii
1000 2041 1245 2089 fundatione,
1276 2043 1431 2089 scripsit
1463 2043 1680 2088 POLANCO,
1711 2048 1738 2080 t.
1769 2052 1814 2090 v,

166 2115 256 2150 pag.
276 2105 367 2152 456,
389 2115 425 2141 n.
451 2115 565 2151 1234:
591 2105 706 2140 «Hac
734 2109 881 2141 aestate
902 2105 942 2142 P.
964 2105 1206 2152 Emmanuel,
1229 2104 1329 2155 [qui]
1351 2107 1686 2153 complutensibus
1706 2117 1817 2154 prae-

169 2170 269 2212 erat,
298 2178 320 2203 3
349 2167 566 2214 seguntinis
599 2168 831 2214 quibusdam
861 2168 996 2214 primis
1025 2169 1120 2205 viris
1153 2175 1358 2211 evocatus,
1385 2170 1527 2206 ibidem
1559 2171 1815 2207 concionatus

168 2232 238 2274 est,
260 2231 298 2264 et
318 2229 575 2275 quorumdam
596 2229 744 2266 audivit
765 2229 1046 2276 confessiones,
1074 2231 1139 2278 qui
1167 2231 1378 2278 aliquando
1406 2232 1602 2278 Compluti
1630 2233 1816 2269 exercitia

167 2290 384 2337 spiritualia
404 2296 669 2338 susceperant.
689 2293 746 2329 Ibi
769 2293 884 2329 etiam
905 2293 952 2329 de
979 2293 1147 2339 collegio
1174 2293 1414 2331 instituendo
1441 2295 1612 2331 decanus
1639 2296 1720 2342 ejus
1740 2295 1813 2332 Ca-

166 2353 353 2390 thedralis
369 2354 558 2391 ecclesiae
574 2365 661 2390 cum
678 2365 724 2391 eo
741 2355 858 2401 egit».
876 2354 923 2390 Et
943 2354 1055 2400 infra,
1073 2366 1163 2401 pag.
1180 2356 1269 2403 556,
1287 2367 1324 2393 n.
1346 2364 1462 2404 1527:
1480 2356 1664 2393 «Octobri
1682 2368 1813 2394 mense

168 2415 376 2462 Siguntum
395 2417 434 2456 P.
457 2416 690 2454 Franciscus
710 2417 907 2463 profectus
931 2422 1001 2463 est,
1026 2428 1140 2464 quem
1162 2419 1334 2466 decanus
1355 2420 1597 2466 expectabat,
1618 2424 1660 2455 ut
1680 2425 1813 2466 ageret

167 2480 215 2515 de
245 2480 438 2517 erectione
465 2481 676 2527 collegii...;
704 2485 741 2517 et
768 2481 860 2528 quia
887 2481 1119 2517 universitas
1147 2481 1200 2518 ibi
1224 2486 1282 2518 est
1312 2486 1350 2517 et
1375 2482 1583 2528 collegium
1610 2483 1749 2518 artium
1776 2487 1813 2518 et

169 2543 390 2590 theologiae
413 2543 477 2591 (ex
497 2554 574 2590 quo
590 2548 758 2590 quatuor
773 2545 955 2580 doctores
971 2544 1192 2590 theologiae
1209 2543 1446 2581 Societatem
1464 2545 1627 2591 ingressi
1644 2544 1810 2595 fuerant,

169 2604 325 2642 Salinas
350 2602 557 2657 [Marcus],
585 2606 701 2643 Plaza
722 2602 943 2658 [Joannes],
963 2606 1182 2653 Rodriguez
1206 2603 1556 2658 [Christophorus],
1578 2612 1616 2643 et
1636 2607 1813 2644 Sanchez

170 2662 419 2717 [Antonius],
446 2678 663 2715 propensus
690 2674 771 2705 erat
798 2669 837 2706 P.
864 2669 1097 2705 Franciscus
1126 2669 1175 2704 ad
1202 2669 1411 2715 collegium
1436 2669 1581 2705 ibidem
1602 2671 1813 2706 admitten-

168 2730 535 2767 dum›.—Litteras
560 2741 653 2767 vero
674 2731 838 2778 Borgiae
867 2733 915 2768 de
941 2733 1014 2768 hac
1040 2742 1080 2767 re
1111 2732 1161 2767 ad
1185 2732 1391 2778 Ignatium,
1422 2742 1468 2779 19
1499 2732 1680 2769 Octobris
1710 2741 1812 2781 1555

169 2795 293 2840 datas,
315 2794 404 2830 vide
425 2795 464 2831 in
487 2792 650 2834 Cartas
669 2792 722 2832 de
742 2791 832 2833 San
851 2791 1046 2845 Ignacio,
1068 2799 1093 2832 t.
1115 2803 1160 2838 V,
1179 2806 1269 2842 pag.
1290 2796 1478 2846 476·478.

221 2852 238 2878 2
293 2856 428 2893 Petrus
447 2857 636 2903 Pacheco,
650 2858 873 2903 cardinalis,
889 2858 1096 2904 episcopus
1116 2858 1348 2904 siguntinus‚
1364 2869 1504 2904 prorex
1523 2859 1812 2908 neapolitanus,

168 2920 215 2955 de
236 2930 313 2966 quo
334 2920 373 2955 in
394 2920 603 2966 POLANCO,
624 2925 651 2958 t.
672 2929 715 2966 V,
735 2931 823 2967 pag.
850 2929 937 2968 175,
960 2931 995 2956 n.
1019 2928 1097 2968 504
1117 2925 1154 2956 et
1175 2931 1281 2967 seqq.

222 2980 238 3005 ³
295 2983 408 3030 Quod
430 2984 539 3020 multi
561 2984 770 3030 Segontiae
791 2985 831 3020 in
852 2985 954 3020 votis
975 2985 1202 3027 habuerant,
1220 2985 1427 3030 collegium
1444 2989 1537 3021 tunc
1557 2985 1809 3021 constitutum

167 3055 247 3081 non
267 3050 336 3083 est.
356 3045 456 3082 Nam
481 3057 591 3082 «cum
612 3057 659 3082 ex
678 3047 865 3083 reditibus
887 3046 1165 3083 ecclesiasticis
1185 3047 1398 3083 dotandum
1417 3053 1530 3092 esset,
1547 3048 1585 3083 in
1598 3047 1812 3083 Pontifica—

166 3110 209 3143 tu
228 3106 337 3143 Pauli
359 3107 486 3154 quarti
507 3118 584 3144 non
604 3108 716 3145 facile
737 3109 902 3144 obtineri
923 3108 1062 3155 potuit;
1084 3113 1121 3144 et
1140 3108 1194 3144 ita
1214 3113 1295 3144 tum
1311 3119 1558 3155 progressum
1580 3119 1658 3145 non
1674 3108 1811 3145 habuit

166 3169 375 3216 collegium
395 3170 508 3207 hoc».
529 3170 738 3217 POLANCO,
759 3176 785 3208 t.
806 3179 849 3217 V,
869 3182 957 3218 pag.
982 3179 1071 3219 557,
1092 3182 1129 3208 n.
1155 3180 1270 3219 1527.
