<?xml version="1.0" encoding="UTF-8"?>
<!DOCTYPE html PUBLIC "-//W3C//DTD XHTML 1.0 Transitional//EN"
    "http://www.w3.org/TR/xhtml1/DTD/xhtml1-transitional.dtd">
<html xmlns="http://www.w3.org/1999/xhtml" xml:lang="en" lang="en">
 <head>
  <title>
</title>
<meta http-equiv="Content-Type" content="text/html;charset=utf-8" />
  <meta name='ocr-system' content='tesseract 3.04.00' />
  <meta name='ocr-capabilities' content='ocr_page ocr_carea ocr_par ocr_line ocrx_word'/>
</head>
<body>
  <div class='ocr_page' id='page_1' title='image "./epistolaemixtaee05matruoft_0691.png"; bbox 0 0 2008 3510; ppageno 0'>
   <div class='ocr_carea' id='block_1_1' title="bbox 772 267 1742 320">
    <p class='ocr_par' dir='ltr' id='par_1_1' title="bbox 772 267 1742 320">
     <span class='ocr_line' id='line_1_1' title="bbox 772 267 1742 320; baseline -0.003 -13"><span class='ocrx_word' id='word_1_1' title='bbox 772 269 818 307; x_wconf 88' lang='lat'><strong>18</strong></span> <span class='ocrx_word' id='word_1_2' title='bbox 849 269 1062 308; x_wconf 66' lang='lat' dir='ltr'><strong>Oc‘romus</strong></span> <span class='ocrx_word' id='word_1_3' title='bbox 1094 280 1198 320; x_wconf 82' lang='lat'>1549</span> <span class='ocrx_word' id='word_1_4' title='bbox 1665 267 1742 318; x_wconf 88' lang='lat'><strong>685</strong></span> 
     </span>
    </p>
   </div>
   <div class='ocr_carea' id='block_1_2' title="bbox 128 371 1861 3032">
    <p class='ocr_par' dir='ltr' id='par_1_2' title="bbox 161 371 1861 1400">
     <span class='ocr_line' id='line_1_2' title="bbox 166 371 1794 436; baseline 0 -19"><span class='ocrx_word' id='word_1_5' title='bbox 166 372 340 418; x_wconf 89' lang='lat' dir='ltr'><strong>animae</strong></span> <span class='ocrx_word' id='word_1_6' title='bbox 365 371 557 418; x_wconf 87' lang='lat' dir='ltr'><strong>iacturae</strong></span> <span class='ocrx_word' id='word_1_7' title='bbox 585 373 745 436; x_wconf 86' lang='lat' dir='ltr'><strong>(quam</strong></span> <span class='ocrx_word' id='word_1_8' title='bbox 775 383 918 419; x_wconf 89' lang='lat' dir='ltr'><strong>mater</strong></span> <span class='ocrx_word' id='word_1_9' title='bbox 942 374 1038 420; x_wconf 91' lang='lat' dir='ltr'><strong>eius</strong></span> <span class='ocrx_word' id='word_1_10' title='bbox 1062 372 1310 419; x_wconf 78' lang='lat' dir='ltr'>maximam</span> <span class='ocrx_word' id='word_1_11' title='bbox 1344 371 1439 417; x_wconf 90' lang='lat' dir='ltr'><strong>sine</strong></span> <span class='ocrx_word' id='word_1_12' title='bbox 1465 371 1609 418; x_wconf 94' lang='lat' dir='ltr'><strong>dubio</strong></span> <span class='ocrx_word' id='word_1_13' title='bbox 1635 372 1794 418; x_wconf 91' lang='lat' dir='ltr'><strong>sensis-</strong></span> 
     </span>
     <span class='ocr_line' id='line_1_3' title="bbox 164 442 1795 511; baseline 0.001 -19"><span class='ocrx_word' id='word_1_14' title='bbox 164 446 278 508; x_wconf 86' lang='lat' dir='ltr'>set),</span> <span class='ocrx_word' id='word_1_15' title='bbox 318 463 367 492; x_wconf 92' lang='lat' dir='ltr'><strong>ac</strong></span> <span class='ocrx_word' id='word_1_16' title='bbox 407 446 604 510; x_wconf 90' lang='lat' dir='ltr'><strong>denique</strong></span> <span class='ocrx_word' id='word_1_17' title='bbox 647 447 833 494; x_wconf 89' lang='lat' dir='ltr'><strong>honoris</strong></span> <span class='ocrx_word' id='word_1_18' title='bbox 874 447 1285 511; x_wconf 85' lang='lat' dir='ltr'>portugallensium</span> <span class='ocrx_word' id='word_1_19' title='bbox 1321 442 1545 492; x_wconf 89' lang='lat' dir='ltr'><strong>rationem</strong></span> <span class='ocrx_word' id='word_1_20' title='bbox 1594 446 1795 504; x_wconf 90' lang='lat' dir='ltr'><strong>haberet,</strong></span> 
     </span>
     <span class='ocr_line' id='line_1_4' title="bbox 163 520 1796 585; baseline 0.001 -19"><span class='ocrx_word' id='word_1_21' title='bbox 163 520 331 583; x_wconf 92' lang='lat' dir='ltr'><strong>quibus</strong></span> <span class='ocrx_word' id='word_1_22' title='bbox 358 537 524 584; x_wconf 90' lang='lat' dir='ltr'><strong>magna</strong></span> <span class='ocrx_word' id='word_1_23' title='bbox 548 537 604 567; x_wconf 93' lang='lat' dir='ltr'><strong>ex</strong></span> <span class='ocrx_word' id='word_1_24' title='bbox 628 520 709 567; x_wconf 91' lang='lat' dir='ltr'><strong>hac</strong></span> <span class='ocrx_word' id='word_1_25' title='bbox 735 538 782 567; x_wconf 92' lang='lat' dir='ltr'><strong>re</strong></span> <span class='ocrx_word' id='word_1_26' title='bbox 806 533 1072 585; x_wconf 82' lang='lat' dir='ltr'><strong>sequeretur</strong></span> <span class='ocrx_word' id='word_1_27' title='bbox 1091 520 1292 567; x_wconf 89' lang='lat' dir='ltr'><strong>infamia.</strong></span> <span class='ocrx_word' id='word_1_28' title='bbox 1311 520 1433 566; x_wconf 91' lang='lat' dir='ltr'><strong>Cum</strong></span> <span class='ocrx_word' id='word_1_29' title='bbox 1462 537 1532 566; x_wconf 88' lang='lat' dir='ltr'><strong>me</strong></span> <span class='ocrx_word' id='word_1_30' title='bbox 1558 520 1630 566; x_wconf 91' lang='lat' dir='ltr'><strong>ille</strong></span> <span class='ocrx_word' id='word_1_31' title='bbox 1658 521 1796 575; x_wconf 85' lang='lat' dir='ltr'><strong>vidis-</strong></span> 
     </span>
     <span class='ocr_line' id='line_1_5' title="bbox 163 594 1795 658; baseline 0.001 -18"><span class='ocrx_word' id='word_1_32' title='bbox 163 605 251 651; x_wconf 89' lang='lat' dir='ltr'><strong>set,</strong></span> <span class='ocrx_word' id='word_1_33' title='bbox 277 595 338 641; x_wconf 93' lang='lat' dir='ltr'><strong>ita</strong></span> <span class='ocrx_word' id='word_1_34' title='bbox 360 611 405 640; x_wconf 89' lang='lat' dir='ltr'><strong>se</strong></span> <span class='ocrx_word' id='word_1_35' title='bbox 429 594 647 641; x_wconf 92' lang='lat' dir='ltr'><strong>obtestari</strong></span> <span class='ocrx_word' id='word_1_36' title='bbox 680 596 890 658; x_wconf 83' lang='lat' dir='ltr'>promisit</span> <span class='ocrx_word' id='word_1_37' title='bbox 920 596 1052 653; x_wconf 89' lang='lat' dir='ltr'><strong>mihi,</strong></span> <span class='ocrx_word' id='word_1_38' title='bbox 1085 607 1136 642; x_wconf 93' lang='lat' dir='ltr'><strong>ut</strong></span> <span class='ocrx_word' id='word_1_39' title='bbox 1167 612 1309 658; x_wconf 92' lang='lat' dir='ltr'><strong>vsque</strong></span> <span class='ocrx_word' id='word_1_40' title='bbox 1340 595 1396 641; x_wconf 91' lang='lat' dir='ltr'><strong>ad</strong></span> <span class='ocrx_word' id='word_1_41' title='bbox 1430 605 1626 641; x_wconf 88' lang='lat' dir='ltr'><strong>mortem</strong></span> <span class='ocrx_word' id='word_1_42' title='bbox 1653 594 1795 641; x_wconf 91' lang='lat' dir='ltr'><strong>fidem</strong></span> 
     </span>
     <span class='ocr_line' id='line_1_6' title="bbox 165 668 1791 732; baseline 0.001 -18"><span class='ocrx_word' id='word_1_43' title='bbox 165 669 335 715; x_wconf 82' lang='lat' dir='ltr'>Christi</span> <span class='ocrx_word' id='word_1_44' title='bbox 361 680 681 732; x_wconf 89' lang='lat' dir='ltr'><strong>sequuturum.</strong></span> <span class='ocrx_word' id='word_1_45' title='bbox 722 670 928 715; x_wconf 90' lang='lat' dir='ltr'><strong>Demum</strong></span> <span class='ocrx_word' id='word_1_46' title='bbox 953 669 1130 726; x_wconf 89' lang='lat' dir='ltr'><strong>curaui,</strong></span> <span class='ocrx_word' id='word_1_47' title='bbox 1163 681 1213 715; x_wconf 92' lang='lat' dir='ltr'><strong>ut</strong></span> <span class='ocrx_word' id='word_1_48' title='bbox 1236 668 1384 731; x_wconf 91' lang='lat' dir='ltr'><strong>capilli</strong></span> <span class='ocrx_word' id='word_1_49' title='bbox 1409 668 1446 713; x_wconf 95' lang='lat' dir='ltr'><strong>ei</strong></span> <span class='ocrx_word' id='word_1_50' title='bbox 1474 669 1791 728; x_wconf 79' lang='lat' dir='ltr'><strong>tonderentur,</strong></span> 
     </span>
     <span class='ocr_line' id='line_1_7' title="bbox 165 744 1794 808; baseline 0.001 -20"><span class='ocrx_word' id='word_1_51' title='bbox 165 760 219 789; x_wconf 91' lang='lat' dir='ltr'><strong>ne</strong></span> <span class='ocrx_word' id='word_1_52' title='bbox 245 760 431 789; x_wconf 88' lang='lat' dir='ltr'><strong>maurus</strong></span> <span class='ocrx_word' id='word_1_53' title='bbox 454 744 708 801; x_wconf 83' lang='lat' dir='ltr'><strong>videretur3</strong></span> <span class='ocrx_word' id='word_1_54' title='bbox 734 756 780 791; x_wconf 92' lang='lat' dir='ltr'><strong>et</strong></span> <span class='ocrx_word' id='word_1_55' title='bbox 805 745 958 808; x_wconf 80' lang='lat' dir='ltr'><strong>paucis</strong></span> <span class='ocrx_word' id='word_1_56' title='bbox 982 755 1085 808; x_wconf 94' lang='lat' dir='ltr'><strong>post</strong></span> <span class='ocrx_word' id='word_1_57' title='bbox 1108 744 1288 800; x_wconf 90' lang='lat' dir='ltr'><strong>diebus,</strong></span> <span class='ocrx_word' id='word_1_58' title='bbox 1325 760 1430 789; x_wconf 92' lang='lat' dir='ltr'><strong>cum</strong></span> <span class='ocrx_word' id='word_1_59' title='bbox 1458 760 1563 789; x_wconf 88' lang='lat' dir='ltr'><strong>eum</strong></span> <span class='ocrx_word' id='word_1_60' title='bbox 1591 744 1794 790; x_wconf 89' lang='lat' dir='ltr'><strong>viderem</strong></span> 
     </span>
     <span class='ocr_line' id='line_1_8' title="bbox 164 816 1794 880; baseline 0.001 -18"><span class='ocrx_word' id='word_1_61' title='bbox 164 817 207 862; x_wconf 91' lang='lat' dir='ltr'><strong>in</strong></span> <span class='ocrx_word' id='word_1_62' title='bbox 243 817 331 863; x_wconf 90' lang='lat' dir='ltr'><strong>fide</strong></span> <span class='ocrx_word' id='word_1_63' title='bbox 364 828 672 874; x_wconf 88' lang='lat' dir='ltr'><strong>constantem,</strong></span> <span class='ocrx_word' id='word_1_64' title='bbox 703 818 758 864; x_wconf 92' lang='lat' dir='ltr'><strong>ab</strong></span> <span class='ocrx_word' id='word_1_65' title='bbox 790 818 1258 865; x_wconf 86' lang='lat' dir='ltr'><strong>excommunicatione</strong></span> <span class='ocrx_word' id='word_1_66' title='bbox 1290 816 1487 874; x_wconf 90' lang='lat' dir='ltr'><strong>absolui,</strong></span> <span class='ocrx_word' id='word_1_67' title='bbox 1513 829 1558 863; x_wconf 92' lang='lat' dir='ltr'><strong>et</strong></span> <span class='ocrx_word' id='word_1_68' title='bbox 1582 817 1794 880; x_wconf 88' lang='lat' dir='ltr'><strong>pecunias</strong></span> 
     </span>
     <span class='ocr_line' id='line_1_9' title="bbox 164 890 1794 956; baseline 0.001 -20"><span class='ocrx_word' id='word_1_69' title='bbox 164 890 336 955; x_wconf 91' lang='lat' dir='ltr'><strong>aliaque</strong></span> <span class='ocrx_word' id='word_1_70' title='bbox 376 892 415 937; x_wconf 94' lang='lat' dir='ltr'><strong>ei</strong></span> <span class='ocrx_word' id='word_1_71' title='bbox 448 893 694 938; x_wconf 85' lang='lat' dir='ltr'><strong>necessaria</strong></span> <span class='ocrx_word' id='word_1_72' title='bbox 722 894 1036 956; x_wconf 89' lang='lat' dir='ltr'><strong>suppeditaui,</strong></span> <span class='ocrx_word' id='word_1_73' title='bbox 1074 892 1200 956; x_wconf 92' lang='lat' dir='ltr'><strong>quod</strong></span> <span class='ocrx_word' id='word_1_74' title='bbox 1238 891 1334 938; x_wconf 88' lang='lat' dir='ltr'><strong>aliis</strong></span> <span class='ocrx_word' id='word_1_75' title='bbox 1363 892 1498 938; x_wconf 91' lang='lat' dir='ltr'><strong>etiam</strong></span> <span class='ocrx_word' id='word_1_76' title='bbox 1533 908 1604 938; x_wconf 93' lang='lat' dir='ltr'><strong>me</strong></span> <span class='ocrx_word' id='word_1_77' title='bbox 1649 890 1794 938; x_wconf 90' lang='lat' dir='ltr'><strong>facere</strong></span> 
     </span>
     <span class='ocr_line' id='line_1_10' title="bbox 164 966 1792 1031; baseline 0.001 -21"><span class='ocrx_word' id='word_1_78' title='bbox 164 981 340 1011; x_wconf 92' lang='lat' dir='ltr'><strong>necesse</strong></span> <span class='ocrx_word' id='word_1_79' title='bbox 380 977 470 1024; x_wconf 90' lang='lat' dir='ltr'><strong>est,</strong></span> <span class='ocrx_word' id='word_1_80' title='bbox 504 967 581 1029; x_wconf 92' lang='lat' dir='ltr'><strong>qui</strong></span> <span class='ocrx_word' id='word_1_81' title='bbox 614 984 660 1013; x_wconf 92' lang='lat' dir='ltr'><strong>se</strong></span> <span class='ocrx_word' id='word_1_82' title='bbox 701 967 827 1013; x_wconf 89' lang='lat' dir='ltr'><strong>nullo</strong></span> <span class='ocrx_word' id='word_1_83' title='bbox 858 973 998 1014; x_wconf 93' lang='lat' dir='ltr'><strong>modo</strong></span> <span class='ocrx_word' id='word_1_84' title='bbox 1038 977 1214 1031; x_wconf 88' lang='lat' dir='ltr'><strong>queunt</strong></span> <span class='ocrx_word' id='word_1_85' title='bbox 1255 977 1528 1024; x_wconf 88' lang='lat' dir='ltr'><strong>sustentare,</strong></span> <span class='ocrx_word' id='word_1_86' title='bbox 1565 966 1792 1029; x_wconf 90' lang='lat' dir='ltr'><strong>siquidem</strong></span> 
     </span>
     <span class='ocr_line' id='line_1_11' title="bbox 164 1038 1792 1104; baseline 0 -19"><span class='ocrx_word' id='word_1_87' title='bbox 164 1056 329 1103; x_wconf 88' lang='lat' dir='ltr'><strong>magna</strong></span> <span class='ocrx_word' id='word_1_88' title='bbox 354 1057 424 1086; x_wconf 91' lang='lat' dir='ltr'><strong>res</strong></span> <span class='ocrx_word' id='word_1_89' title='bbox 449 1054 539 1098; x_wconf 90' lang='lat' dir='ltr'><strong>est,</strong></span> <span class='ocrx_word' id='word_1_90' title='bbox 566 1052 615 1087; x_wconf 89' lang='lat' dir='ltr'><strong>vt</strong></span> <span class='ocrx_word' id='word_1_91' title='bbox 640 1042 711 1088; x_wconf 88' lang='lat' dir='ltr'><strong>hic</strong></span> <span class='ocrx_word' id='word_1_92' title='bbox 736 1042 944 1088; x_wconf 89' lang='lat' dir='ltr'><strong>homines</strong></span> <span class='ocrx_word' id='word_1_93' title='bbox 976 1041 1233 1104; x_wconf 86' lang='lat' dir='ltr'><strong>saepissime</strong></span> <span class='ocrx_word' id='word_1_94' title='bbox 1265 1039 1506 1086; x_wconf 89' lang='lat' dir='ltr'><strong>videantur</strong></span> <span class='ocrx_word' id='word_1_95' title='bbox 1529 1055 1647 1102; x_wconf 92' lang='lat' dir='ltr'><strong>pene</strong></span> <span class='ocrx_word' id='word_1_96' title='bbox 1672 1038 1792 1085; x_wconf 89' lang='lat' dir='ltr'><strong>fame</strong></span> 
     </span>
     <span class='ocr_line' id='line_1_12' title="bbox 163 1112 1793 1179; baseline -0.001 -20"><span class='ocrx_word' id='word_1_97' title='bbox 163 1114 328 1177; x_wconf 90' lang='lat' dir='ltr'><strong>perire,</strong></span> <span class='ocrx_word' id='word_1_98' title='bbox 355 1132 404 1161; x_wconf 91' lang='lat' dir='ltr'><strong>ac</strong></span> <span class='ocrx_word' id='word_1_99' title='bbox 429 1127 671 1179; x_wconf 85' lang='lat' dir='ltr'><strong>propterea</strong></span> <span class='ocrx_word' id='word_1_100' title='bbox 695 1116 882 1162; x_wconf 88' lang='lat' dir='ltr'>barbam</span> <span class='ocrx_word' id='word_1_101' title='bbox 914 1114 997 1161; x_wconf 89' lang='lat' dir='ltr'><strong>sibi</strong></span> <span class='ocrx_word' id='word_1_102' title='bbox 1028 1113 1225 1160; x_wconf 87' lang='lat' dir='ltr'><strong>vellicari</strong></span> <span class='ocrx_word' id='word_1_103' title='bbox 1258 1112 1536 1170; x_wconf 86' lang='lat' dir='ltr'><strong>sustineant,</strong></span> <span class='ocrx_word' id='word_1_104' title='bbox 1562 1124 1613 1158; x_wconf 90' lang='lat' dir='ltr'><strong>vt</strong></span> <span class='ocrx_word' id='word_1_105' title='bbox 1639 1113 1793 1158; x_wconf 91' lang='lat' dir='ltr'><strong>multis</strong></span> 
     </span>
     <span class='ocr_line' id='line_1_13' title="bbox 163 1187 1792 1251; baseline 0 -18"><span class='ocrx_word' id='word_1_106' title='bbox 163 1189 337 1236; x_wconf 89' lang='lat' dir='ltr'><strong>accidit.</strong></span> <span class='ocrx_word' id='word_1_107' title='bbox 364 1190 541 1250; x_wconf 72' lang='lat' dir='ltr'><strong>Quanti</strong></span> <span class='ocrx_word' id='word_1_108' title='bbox 566 1190 622 1236; x_wconf 90' lang='lat' dir='ltr'><strong>sit</strong></span> <span class='ocrx_word' id='word_1_109' title='bbox 648 1190 868 1236; x_wconf 89' lang='lat' dir='ltr'><strong>momenti</strong></span> <span class='ocrx_word' id='word_1_110' title='bbox 901 1202 946 1236; x_wconf 92' lang='lat' dir='ltr'><strong>et</strong></span> <span class='ocrx_word' id='word_1_111' title='bbox 978 1187 1251 1235; x_wconf 88' lang='lat' dir='ltr'><strong>necessitatis</strong></span> <span class='ocrx_word' id='word_1_112' title='bbox 1285 1198 1334 1233; x_wconf 91' lang='lat' dir='ltr'><strong>vt</strong></span> <span class='ocrx_word' id='word_1_113' title='bbox 1367 1187 1526 1251; x_wconf 90' lang='lat' dir='ltr'><strong>aliquis</strong></span> <span class='ocrx_word' id='word_1_114' title='bbox 1549 1187 1792 1250; x_wconf 90' lang='lat' dir='ltr'><strong>spiritualis</strong></span> 
     </span>
     <span class='ocr_line' id='line_1_14' title="bbox 162 1262 1861 1326; baseline 0.001 -18"><span class='ocrx_word' id='word_1_115' title='bbox 162 1262 299 1309; x_wconf 86' lang='lat' dir='ltr'><strong>Pater</strong></span> <span class='ocrx_word' id='word_1_116' title='bbox 324 1263 395 1309; x_wconf 93' lang='lat' dir='ltr'><strong>hic</strong></span> <span class='ocrx_word' id='word_1_117' title='bbox 421 1276 749 1322; x_wconf 90' lang='lat' dir='ltr'><strong>commoretur,</strong></span> <span class='ocrx_word' id='word_1_118' title='bbox 775 1282 911 1311; x_wconf 91' lang='lat' dir='ltr'><strong>nemo</strong></span> <span class='ocrx_word' id='word_1_119' title='bbox 934 1264 1017 1310; x_wconf 87' lang='lat' dir='ltr'><strong>sibi</strong></span> <span class='ocrx_word' id='word_1_120' title='bbox 1042 1263 1313 1326; x_wconf 86' lang='lat' dir='ltr'><strong>persuadere</strong></span> <span class='ocrx_word' id='word_1_121' title='bbox 1334 1273 1499 1325; x_wconf 91' lang='lat' dir='ltr'><strong>posset,</strong></span> <span class='ocrx_word' id='word_1_122' title='bbox 1523 1262 1602 1308; x_wconf 89' lang='lat' dir='ltr'><strong>nisi</strong></span> <span class='ocrx_word' id='word_1_123' title='bbox 1625 1279 1671 1308; x_wconf 87' lang='lat' dir='ltr'><strong>re</strong></span> <span class='ocrx_word' id='word_1_124' title='bbox 1696 1262 1791 1326; x_wconf 92' lang='lat' dir='ltr'><strong>ipsa</strong></span> <span class='ocrx_word' id='word_1_125' title='bbox 1858 1308 1861 1310; x_wconf 87' lang='lat'>.</span> 
     </span>
     <span class='ocr_line' id='line_1_15' title="bbox 161 1338 456 1400; baseline 0.007 -18"><span class='ocrx_word' id='word_1_126' title='bbox 161 1338 456 1400; x_wconf 78' lang='lat' dir='ltr'><strong>experiretur.</strong></span> 
     </span>
    </p>

    <p class='ocr_par' dir='ltr' id='par_1_3' title="bbox 128 1410 1790 2959">
     <span class='ocr_line' id='line_1_16' title="bbox 227 1410 1790 1477; baseline 0.001 -21"><span class='ocrx_word' id='word_1_127' title='bbox 227 1412 288 1458; x_wconf 93' lang='lat' dir='ltr'><strong>D.</strong></span> <span class='ocrx_word' id='word_1_128' title='bbox 315 1410 537 1458; x_wconf 90' lang='lat' dir='ltr'><strong>Alfonsus</strong></span> <span class='ocrx_word' id='word_1_129' title='bbox 557 1412 570 1438; x_wconf 93' lang='lat'><strong>¹</strong></span> <span class='ocrx_word' id='word_1_130' title='bbox 596 1413 781 1477; x_wconf 90' lang='lat' dir='ltr'><strong>eiusque</strong></span> <span class='ocrx_word' id='word_1_131' title='bbox 807 1430 945 1472; x_wconf 90' lang='lat' dir='ltr'><strong>vxor,</strong></span> <span class='ocrx_word' id='word_1_132' title='bbox 971 1413 1048 1477; x_wconf 90' lang='lat' dir='ltr'><strong>qui</strong></span> <span class='ocrx_word' id='word_1_133' title='bbox 1072 1411 1244 1475; x_wconf 91' lang='lat' dir='ltr'><strong>Ceptae</strong></span> <span class='ocrx_word' id='word_1_134' title='bbox 1270 1411 1514 1474; x_wconf 88' lang='lat' dir='ltr'><strong>praepositi</strong></span> <span class='ocrx_word' id='word_1_135' title='bbox 1540 1423 1671 1470; x_wconf 89' lang='lat' dir='ltr'><strong>sunt,</strong></span> <span class='ocrx_word' id='word_1_136' title='bbox 1697 1428 1790 1458; x_wconf 89' lang='lat' dir='ltr'><strong>sae-</strong></span> 
     </span>
     <span class='ocr_line' id='line_1_17' title="bbox 128 1485 1790 1550; baseline 0.001 -20"><span class='ocrx_word' id='word_1_137' title='bbox 128 1502 134 1508; x_wconf 79' lang='lat'><em>·</em></span> <span class='ocrx_word' id='word_1_138' title='bbox 166 1485 266 1548; x_wconf 91' lang='lat' dir='ltr'><strong>pius</strong></span> <span class='ocrx_word' id='word_1_139' title='bbox 290 1486 346 1532; x_wconf 90' lang='lat' dir='ltr'><strong>ad</strong></span> <span class='ocrx_word' id='word_1_140' title='bbox 372 1503 443 1532; x_wconf 89' lang='lat' dir='ltr'><strong>me</strong></span> <span class='ocrx_word' id='word_1_141' title='bbox 468 1486 767 1550; x_wconf 88' lang='lat' dir='ltr'><strong>scripserunt,</strong></span> <span class='ocrx_word' id='word_1_142' title='bbox 793 1488 977 1534; x_wconf 89' lang='lat' dir='ltr'><strong>videndi</strong></span> <span class='ocrx_word' id='word_1_143' title='bbox 1004 1488 1089 1533; x_wconf 92' lang='lat' dir='ltr'><strong>mei</strong></span> <span class='ocrx_word' id='word_1_144' title='bbox 1115 1486 1355 1549; x_wconf 83' lang='lat' dir='ltr'><strong>desyderio</strong></span> <span class='ocrx_word' id='word_1_145' title='bbox 1379 1503 1424 1532; x_wconf 92' lang='lat' dir='ltr'><strong>se</strong></span> <span class='ocrx_word' id='word_1_146' title='bbox 1449 1487 1609 1545; x_wconf 90' lang='lat' dir='ltr'><strong>teneri,</strong></span> <span class='ocrx_word' id='word_1_147' title='bbox 1634 1487 1790 1533; x_wconf 88' lang='lat' dir='ltr'><strong>ciuita-</strong></span> 
     </span>
     <span class='ocr_line' id='line_1_18' title="bbox 161 1560 1789 1625; baseline 0.001 -19"><span class='ocrx_word' id='word_1_148' title='bbox 161 1571 345 1624; x_wconf 90' lang='lat' dir='ltr'><strong>temque</strong></span> <span class='ocrx_word' id='word_1_149' title='bbox 370 1561 514 1624; x_wconf 89' lang='lat' dir='ltr'><strong>ipsam</strong></span> <span class='ocrx_word' id='word_1_150' title='bbox 541 1578 640 1607; x_wconf 90' lang='lat' dir='ltr'><strong>mea</strong></span> <span class='ocrx_word' id='word_1_151' title='bbox 663 1579 802 1625; x_wconf 89' lang='lat' dir='ltr'><strong>opera</strong></span> <span class='ocrx_word' id='word_1_152' title='bbox 826 1562 1051 1625; x_wconf 87' lang='lat' dir='ltr'><strong>indigere,</strong></span> <span class='ocrx_word' id='word_1_153' title='bbox 1083 1573 1127 1608; x_wconf 93' lang='lat' dir='ltr'><strong>et</strong></span> <span class='ocrx_word' id='word_1_154' title='bbox 1152 1561 1388 1624; x_wconf 88' lang='lat' dir='ltr'><strong>presertim</strong></span> <span class='ocrx_word' id='word_1_155' title='bbox 1421 1561 1466 1606; x_wconf 88' lang='lat' dir='ltr'><strong>in</strong></span> <span class='ocrx_word' id='word_1_156' title='bbox 1498 1560 1789 1608; x_wconf 90' lang='lat' dir='ltr'><strong>confessioni-</strong></span> 
     </span>
     <span class='ocr_line' id='line_1_19' title="bbox 146 1634 1789 1700; baseline 0.002 -20"><span class='ocrx_word' id='word_1_157' title='bbox 146 1634 245 1680; x_wconf 24' lang='lat' dir='ltr'><strong>(bus</strong></span> <span class='ocrx_word' id='word_1_158' title='bbox 268 1634 328 1681; x_wconf 91' lang='lat' dir='ltr'><strong>ibi</strong></span> <span class='ocrx_word' id='word_1_159' title='bbox 354 1635 618 1693; x_wconf 90' lang='lat' dir='ltr'><strong>audiendis;</strong></span> <span class='ocrx_word' id='word_1_160' title='bbox 643 1636 688 1683; x_wconf 91' lang='lat' dir='ltr'><strong>id</strong></span> <span class='ocrx_word' id='word_1_161' title='bbox 713 1647 867 1682; x_wconf 89' lang='lat' dir='ltr'><strong>tamen</strong></span> <span class='ocrx_word' id='word_1_162' title='bbox 894 1654 964 1683; x_wconf 91' lang='lat' dir='ltr'><strong>me</strong></span> <span class='ocrx_word' id='word_1_163' title='bbox 991 1635 1137 1683; x_wconf 87' lang='lat' dir='ltr'><strong>facere</strong></span> <span class='ocrx_word' id='word_1_164' title='bbox 1171 1635 1283 1681; x_wconf 91' lang='lat' dir='ltr'><strong>velle</strong></span> <span class='ocrx_word' id='word_1_165' title='bbox 1308 1635 1636 1693; x_wconf 89' lang='lat' dir='ltr'><strong>adscribentes,</strong></span> <span class='ocrx_word' id='word_1_166' title='bbox 1662 1637 1789 1700; x_wconf 91' lang='lat' dir='ltr'><strong>quod</strong></span> 
     </span>
     <span class='ocr_line' id='line_1_20' title="bbox 161 1708 1787 1774; baseline 0.002 -21"><span class='ocrx_word' id='word_1_167' title='bbox 161 1708 305 1754; x_wconf 91' lang='lat' dir='ltr'><strong>maius</strong></span> <span class='ocrx_word' id='word_1_168' title='bbox 331 1709 418 1755; x_wconf 91' lang='lat' dir='ltr'><strong>Dei</strong></span> <span class='ocrx_word' id='word_1_169' title='bbox 448 1709 720 1774; x_wconf 90' lang='lat' dir='ltr'><strong>obsequium</strong></span> <span class='ocrx_word' id='word_1_170' title='bbox 754 1710 1014 1758; x_wconf 90' lang='lat' dir='ltr'><strong>iudicarem.</strong></span> <span class='ocrx_word' id='word_1_171' title='bbox 1047 1710 1127 1757; x_wconf 87' lang='lat' dir='ltr'><strong>Ad</strong></span> <span class='ocrx_word' id='word_1_172' title='bbox 1157 1726 1234 1756; x_wconf 93' lang='lat' dir='ltr'><strong>eos</strong></span> <span class='ocrx_word' id='word_1_173' title='bbox 1265 1709 1492 1772; x_wconf 90' lang='lat' dir='ltr'><strong>rescripsi,</strong></span> <span class='ocrx_word' id='word_1_174' title='bbox 1527 1727 1601 1756; x_wconf 91' lang='lat' dir='ltr'><strong>me</strong></span> <span class='ocrx_word' id='word_1_175' title='bbox 1635 1711 1787 1756; x_wconf 91' lang='lat' dir='ltr'><strong>statim</strong></span> 
     </span>
     <span class='ocr_line' id='line_1_21' title="bbox 159 1782 1788 1847; baseline 0.002 -19"><span class='ocrx_word' id='word_1_176' title='bbox 159 1782 263 1828; x_wconf 90' lang='lat' dir='ltr'><strong>hinc</strong></span> <span class='ocrx_word' id='word_1_177' title='bbox 287 1783 611 1842; x_wconf 90' lang='lat' dir='ltr'><strong>discessurum,</strong></span> <span class='ocrx_word' id='word_1_178' title='bbox 637 1785 671 1830; x_wconf 90' lang='lat' dir='ltr'><strong>si</strong></span> <span class='ocrx_word' id='word_1_179' title='bbox 698 1785 758 1830; x_wconf 91' lang='lat' dir='ltr'><strong>ita</strong></span> <span class='ocrx_word' id='word_1_180' title='bbox 782 1785 865 1847; x_wconf 90' lang='lat' dir='ltr'><strong>ipsi</strong></span> <span class='ocrx_word' id='word_1_181' title='bbox 891 1785 1118 1841; x_wconf 80' lang='lat' dir='ltr'><strong>iuberent3</strong></span> <span class='ocrx_word' id='word_1_182' title='bbox 1150 1784 1229 1831; x_wconf 89' lang='lat' dir='ltr'><strong>sed</strong></span> <span class='ocrx_word' id='word_1_183' title='bbox 1261 1802 1365 1831; x_wconf 91' lang='lat' dir='ltr'><strong>cum</strong></span> <span class='ocrx_word' id='word_1_184' title='bbox 1394 1801 1497 1831; x_wconf 91' lang='lat' dir='ltr'><strong>meo</strong></span> <span class='ocrx_word' id='word_1_185' title='bbox 1527 1785 1573 1831; x_wconf 92' lang='lat' dir='ltr'><strong>id</strong></span> <span class='ocrx_word' id='word_1_186' title='bbox 1599 1785 1788 1831; x_wconf 91' lang='lat' dir='ltr'><strong>arbitrio</strong></span> 
     </span>
     <span class='ocr_line' id='line_1_22' title="bbox 160 1856 1788 1922; baseline 0.002 -20"><span class='ocrx_word' id='word_1_187' title='bbox 160 1856 465 1920; x_wconf 79' lang='lat' dir='ltr'><strong>reliquissent,</strong></span> <span class='ocrx_word' id='word_1_188' title='bbox 499 1875 719 1922; x_wconf 89' lang='lat' dir='ltr'><strong>magnum</strong></span> <span class='ocrx_word' id='word_1_189' title='bbox 751 1857 924 1905; x_wconf 88' lang='lat' dir='ltr'><strong>facinus</strong></span> <span class='ocrx_word' id='word_1_190' title='bbox 955 1860 1242 1906; x_wconf 88' lang='lat' dir='ltr'><strong>committere</strong></span> <span class='ocrx_word' id='word_1_191' title='bbox 1278 1859 1386 1904; x_wconf 80' lang='lat' dir='ltr'><strong>mihi</strong></span> <span class='ocrx_word' id='word_1_192' title='bbox 1429 1859 1595 1918; x_wconf 90' lang='lat' dir='ltr'><strong>videri,</strong></span> <span class='ocrx_word' id='word_1_193' title='bbox 1626 1860 1660 1905; x_wconf 93' lang='lat' dir='ltr'><strong>si</strong></span> <span class='ocrx_word' id='word_1_194' title='bbox 1705 1860 1788 1906; x_wconf 91' lang='lat' dir='ltr'><strong>hos</strong></span> 
     </span>
     <span class='ocr_line' id='line_1_23' title="bbox 161 1931 1788 1998; baseline 0.003 -23"><span class='ocrx_word' id='word_1_195' title='bbox 161 1931 434 1978; x_wconf 89' lang='lat' dir='ltr'><strong>miserabiles</strong></span> <span class='ocrx_word' id='word_1_196' title='bbox 466 1933 672 1995; x_wconf 91' lang='lat' dir='ltr'><strong>captiuos</strong></span> <span class='ocrx_word' id='word_1_197' title='bbox 712 1933 1029 1991; x_wconf 90' lang='lat' dir='ltr'><strong>deseruissem,</strong></span> <span class='ocrx_word' id='word_1_198' title='bbox 1070 1951 1270 1998; x_wconf 89' lang='lat' dir='ltr'><strong>quorum</strong></span> <span class='ocrx_word' id='word_1_199' title='bbox 1303 1933 1549 1997; x_wconf 89' lang='lat' dir='ltr'><strong>aliquando</strong></span> <span class='ocrx_word' id='word_1_200' title='bbox 1583 1951 1674 1979; x_wconf 91' lang='lat' dir='ltr'><strong>vno</strong></span> <span class='ocrx_word' id='word_1_201' title='bbox 1715 1934 1788 1980; x_wconf 90' lang='lat' dir='ltr'><strong>die</strong></span> 
     </span>
     <span class='ocr_line' id='line_1_24' title="bbox 161 2006 1786 2072; baseline 0.002 -21"><span class='ocrx_word' id='word_1_202' title='bbox 161 2021 211 2051; x_wconf 77' lang='lat' dir='ltr'><strong>xl</strong></span> <span class='ocrx_word' id='word_1_203' title='bbox 245 2017 290 2052; x_wconf 90' lang='lat' dir='ltr'><strong>et</strong></span> <span class='ocrx_word' id='word_1_204' title='bbox 319 2022 390 2053; x_wconf 79' lang='grc' dir='ltr'><strong>ΧΠ</strong></span> <span class='ocrx_word' id='word_1_205' title='bbox 421 2006 791 2066; x_wconf 90' lang='lat' dir='ltr'><strong>infirmabantur,</strong></span> <span class='ocrx_word' id='word_1_206' title='bbox 831 2007 1055 2072; x_wconf 88' lang='lat' dir='ltr'><strong>multique</strong></span> <span class='ocrx_word' id='word_1_207' title='bbox 1097 2007 1329 2055; x_wconf 91' lang='lat' dir='ltr'><strong>interdum</strong></span> <span class='ocrx_word' id='word_1_208' title='bbox 1371 2007 1465 2053; x_wconf 93' lang='lat' dir='ltr'><strong>sine</strong></span> <span class='ocrx_word' id='word_1_209' title='bbox 1504 2006 1786 2054; x_wconf 91' lang='lat' dir='ltr'><strong>confessione</strong></span> 
     </span>
     <span class='ocr_line' id='line_1_25' title="bbox 162 2080 1785 2145; baseline 0.002 -20"><span class='ocrx_word' id='word_1_210' title='bbox 162 2080 312 2143; x_wconf 92' lang='lat' dir='ltr'><strong>(quod</strong></span> <span class='ocrx_word' id='word_1_211' title='bbox 335 2093 431 2127; x_wconf 91' lang='lat' dir='ltr'><strong>erat</strong></span> <span class='ocrx_word' id='word_1_212' title='bbox 456 2081 653 2128; x_wconf 88' lang='lat' dir='ltr'><strong>maxime</strong></span> <span class='ocrx_word' id='word_1_213' title='bbox 678 2081 963 2143; x_wconf 84' lang='lat' dir='ltr'><strong>timendum)</strong></span> <span class='ocrx_word' id='word_1_214' title='bbox 989 2082 1035 2127; x_wconf 90' lang='lat' dir='ltr'><strong>in</strong></span> <span class='ocrx_word' id='word_1_215' title='bbox 1060 2082 1222 2128; x_wconf 88' lang='lat' dir='ltr'><strong>mortis</strong></span> <span class='ocrx_word' id='word_1_216' title='bbox 1252 2081 1455 2145; x_wconf 89' lang='lat' dir='ltr'><strong>periculo</strong></span> <span class='ocrx_word' id='word_1_217' title='bbox 1481 2093 1634 2139; x_wconf 91' lang='lat' dir='ltr'><strong>erant,</strong></span> <span class='ocrx_word' id='word_1_218' title='bbox 1659 2082 1785 2145; x_wconf 93' lang='lat' dir='ltr'><strong>quod</strong></span> 
     </span>
     <span class='ocr_line' id='line_1_26' title="bbox 159 2153 1785 2218; baseline 0.001 -19"><span class='ocrx_word' id='word_1_219' title='bbox 159 2166 278 2200; x_wconf 92' lang='lat' dir='ltr'><strong>certe</strong></span> <span class='ocrx_word' id='word_1_220' title='bbox 303 2153 389 2201; x_wconf 88' lang='lat' dir='ltr'><strong>illic</strong></span> <span class='ocrx_word' id='word_1_221' title='bbox 415 2155 602 2202; x_wconf 91' lang='lat' dir='ltr'><strong>minime</strong></span> <span class='ocrx_word' id='word_1_222' title='bbox 626 2155 859 2212; x_wconf 90' lang='lat' dir='ltr'><strong>accideret,</strong></span> <span class='ocrx_word' id='word_1_223' title='bbox 886 2155 962 2201; x_wconf 92' lang='lat' dir='ltr'><strong>vbi</strong></span> <span class='ocrx_word' id='word_1_224' title='bbox 981 2155 1051 2201; x_wconf 90' lang='lat' dir='ltr'><strong>alii</strong></span> <span class='ocrx_word' id='word_1_225' title='bbox 1071 2155 1351 2202; x_wconf 87' lang='lat' dir='ltr'><strong>confessores</strong></span> <span class='ocrx_word' id='word_1_226' title='bbox 1371 2155 1569 2202; x_wconf 90' lang='lat' dir='ltr'><strong>aderant.</strong></span> <span class='ocrx_word' id='word_1_227' title='bbox 1598 2155 1674 2201; x_wconf 90' lang='lat' dir='ltr'><strong>Ex</strong></span> <span class='ocrx_word' id='word_1_228' title='bbox 1691 2171 1785 2218; x_wconf 93' lang='lat' dir='ltr'><strong>quo</strong></span> 
     </span>
     <span class='ocr_line' id='line_1_27' title="bbox 160 2227 1783 2293; baseline 0 -19"><span class='ocrx_word' id='word_1_229' title='bbox 160 2228 230 2274; x_wconf 91' lang='lat' dir='ltr'><strong>hic</strong></span> <span class='ocrx_word' id='word_1_230' title='bbox 255 2245 377 2286; x_wconf 89' lang='lat' dir='ltr'><strong>sum,</strong></span> <span class='ocrx_word' id='word_1_231' title='bbox 404 2229 577 2293; x_wconf 89' lang='lat' dir='ltr'><strong>aliquot</strong></span> <span class='ocrx_word' id='word_1_232' title='bbox 600 2246 657 2275; x_wconf 92' lang='lat' dir='ltr'><strong>ex</strong></span> <span class='ocrx_word' id='word_1_233' title='bbox 680 2229 731 2275; x_wconf 91' lang='lat' dir='ltr'><strong>iis</strong></span> <span class='ocrx_word' id='word_1_234' title='bbox 756 2229 924 2276; x_wconf 86' lang='lat' dir='ltr'><strong>mortui</strong></span> <span class='ocrx_word' id='word_1_235' title='bbox 959 2240 1087 2286; x_wconf 89' lang='lat' dir='ltr'><strong>sunt,</strong></span> <span class='ocrx_word' id='word_1_236' title='bbox 1117 2230 1195 2276; x_wconf 92' lang='lat' dir='ltr'><strong>sed</strong></span> <span class='ocrx_word' id='word_1_237' title='bbox 1227 2246 1388 2276; x_wconf 90' lang='lat' dir='ltr'><strong>omnes</strong></span> <span class='ocrx_word' id='word_1_238' title='bbox 1421 2229 1545 2292; x_wconf 89' lang='lat' dir='ltr'><strong>prius</strong></span> <span class='ocrx_word' id='word_1_239' title='bbox 1577 2227 1783 2285; x_wconf 91' lang='lat' dir='ltr'><strong>confessi,</strong></span> 
     </span>
     <span class='ocr_line' id='line_1_28' title="bbox 162 2302 1783 2368; baseline -0.001 -19"><span class='ocrx_word' id='word_1_240' title='bbox 162 2320 252 2349; x_wconf 91' lang='lat' dir='ltr'><strong>vno</strong></span> <span class='ocrx_word' id='word_1_241' title='bbox 277 2315 490 2367; x_wconf 88' lang='lat' dir='ltr'><strong>excepto,</strong></span> <span class='ocrx_word' id='word_1_242' title='bbox 515 2304 592 2368; x_wconf 91' lang='lat' dir='ltr'><strong>qui</strong></span> <span class='ocrx_word' id='word_1_243' title='bbox 617 2304 730 2350; x_wconf 93' lang='lat' dir='ltr'><strong>obiit</strong></span> <span class='ocrx_word' id='word_1_244' title='bbox 754 2321 828 2350; x_wconf 91' lang='lat' dir='ltr'><strong>me</strong></span> <span class='ocrx_word' id='word_1_245' title='bbox 852 2314 1144 2368; x_wconf 86' lang='lat' dir='ltr'><strong>aegrotante:</strong></span> <span class='ocrx_word' id='word_1_246' title='bbox 1171 2321 1275 2350; x_wconf 93' lang='lat' dir='ltr'><strong>cum</strong></span> <span class='ocrx_word' id='word_1_247' title='bbox 1301 2304 1423 2349; x_wconf 89' lang='lat' dir='ltr'><strong>enim</strong></span> <span class='ocrx_word' id='word_1_248' title='bbox 1451 2302 1657 2348; x_wconf 89' lang='lat' dir='ltr'><strong>nonnulli</strong></span> <span class='ocrx_word' id='word_1_249' title='bbox 1686 2302 1783 2348; x_wconf 94' lang='lat' dir='ltr'><strong>uel-</strong></span> 
     </span>
     <span class='ocr_line' id='line_1_29' title="bbox 142 2376 1782 2440; baseline -0.002 -15"><span class='ocrx_word' id='word_1_250' title='bbox 142 2376 251 2425; x_wconf 81' lang='lat' dir='ltr'><strong>lent</strong></span> <span class='ocrx_word' id='word_1_251' title='bbox 274 2394 378 2424; x_wconf 92' lang='lat' dir='ltr'><strong>eum</strong></span> <span class='ocrx_word' id='word_1_252' title='bbox 410 2376 491 2440; x_wconf 89' lang='lat' dir='ltr'><strong>[ad</strong></span> <span class='ocrx_word' id='word_1_253' title='bbox 509 2378 625 2423; x_wconf 89' lang='lat' dir='ltr'><strong>hanc</strong></span> <span class='ocrx_word' id='word_1_254' title='bbox 644 2376 862 2439; x_wconf 90' lang='lat' dir='ltr'><strong>domum]</strong></span> <span class='ocrx_word' id='word_1_255' title='bbox 885 2378 1122 2434; x_wconf 90' lang='lat' dir='ltr'><strong>deducere,</strong></span> <span class='ocrx_word' id='word_1_256' title='bbox 1149 2388 1386 2423; x_wconf 90' lang='lat' dir='ltr'><strong>mortuum</strong></span> <span class='ocrx_word' id='word_1_257' title='bbox 1413 2378 1700 2423; x_wconf 89' lang='lat' dir='ltr'><strong>inuenerunt.</strong></span> <span class='ocrx_word' id='word_1_258' title='bbox 1729 2377 1782 2422; x_wconf 90' lang='lat' dir='ltr'><strong>In</strong></span> 
     </span>
     <span class='ocr_line' id='line_1_30' title="bbox 160 2450 1782 2515; baseline 0 -19"><span class='ocrx_word' id='word_1_259' title='bbox 160 2462 313 2497; x_wconf 91' lang='lat' dir='ltr'><strong>nostra</strong></span> <span class='ocrx_word' id='word_1_260' title='bbox 337 2452 418 2497; x_wconf 88' lang='lat' dir='ltr'><strong>hac</strong></span> <span class='ocrx_word' id='word_1_261' title='bbox 442 2453 583 2498; x_wconf 92' lang='lat' dir='ltr'><strong>domo</strong></span> <span class='ocrx_word' id='word_1_262' title='bbox 611 2452 750 2514; x_wconf 90' lang='lat' dir='ltr'><strong>(quae</strong></span> <span class='ocrx_word' id='word_1_263' title='bbox 773 2450 981 2514; x_wconf 89' lang='lat' dir='ltr'><strong>profecto</strong></span> <span class='ocrx_word' id='word_1_264' title='bbox 1004 2452 1065 2498; x_wconf 89' lang='lat' dir='ltr'><strong>ita</strong></span> <span class='ocrx_word' id='word_1_265' title='bbox 1082 2452 1248 2515; x_wconf 86' lang='lat' dir='ltr'><strong>exigua</strong></span> <span class='ocrx_word' id='word_1_266' title='bbox 1264 2463 1347 2509; x_wconf 91' lang='lat' dir='ltr'><strong>est,</strong></span> <span class='ocrx_word' id='word_1_267' title='bbox 1369 2463 1420 2498; x_wconf 93' lang='lat' dir='ltr'><strong>vt</strong></span> <span class='ocrx_word' id='word_1_268' title='bbox 1444 2451 1514 2497; x_wconf 89' lang='lat' dir='ltr'><strong>vel</strong></span> <span class='ocrx_word' id='word_1_269' title='bbox 1541 2451 1669 2514; x_wconf 87' lang='lat' dir='ltr'><strong>pauci</strong></span> <span class='ocrx_word' id='word_1_270' title='bbox 1691 2468 1782 2496; x_wconf 91' lang='lat' dir='ltr'><strong>non</strong></span> 
     </span>
     <span class='ocr_line' id='line_1_31' title="bbox 157 2524 1783 2589; baseline 0 -19"><span class='ocrx_word' id='word_1_271' title='bbox 157 2525 253 2571; x_wconf 90' lang='lat' dir='ltr'><strong>sine</strong></span> <span class='ocrx_word' id='word_1_272' title='bbox 288 2525 582 2572; x_wconf 90' lang='lat' dir='ltr'><strong>incommodo</strong></span> <span class='ocrx_word' id='word_1_273' title='bbox 612 2525 655 2571; x_wconf 93' lang='lat' dir='ltr'><strong>in</strong></span> <span class='ocrx_word' id='word_1_274' title='bbox 687 2542 740 2571; x_wconf 89' lang='lat' dir='ltr'><strong>ea</strong></span> <span class='ocrx_word' id='word_1_275' title='bbox 770 2526 1141 2588; x_wconf 90' lang='lat' dir='ltr'><strong>commoremur)</strong></span> <span class='ocrx_word' id='word_1_276' title='bbox 1176 2527 1331 2572; x_wconf 89' lang='lat' dir='ltr'><strong>curaui</strong></span> <span class='ocrx_word' id='word_1_277' title='bbox 1367 2525 1568 2589; x_wconf 89' lang='lat' dir='ltr'><strong>quinque</strong></span> <span class='ocrx_word' id='word_1_278' title='bbox 1600 2524 1671 2571; x_wconf 90' lang='lat' dir='ltr'><strong>uel</strong></span> <span class='ocrx_word' id='word_1_279' title='bbox 1705 2540 1783 2571; x_wconf 86' lang='lat' dir='ltr'><strong>sex</strong></span> 
     </span>
     <span class='ocr_line' id='line_1_32' title="bbox 157 2598 1781 2664; baseline 0.001 -21"><span class='ocrx_word' id='word_1_280' title='bbox 157 2598 371 2657; x_wconf 87' lang='lat' dir='ltr'><strong>aliorum,</strong></span> <span class='ocrx_word' id='word_1_281' title='bbox 398 2616 596 2663; x_wconf 90' lang='lat' dir='ltr'><strong>quorum</strong></span> <span class='ocrx_word' id='word_1_282' title='bbox 623 2616 738 2645; x_wconf 92' lang='lat' dir='ltr'><strong>vnus</strong></span> <span class='ocrx_word' id='word_1_283' title='bbox 763 2611 973 2646; x_wconf 92' lang='lat' dir='ltr'><strong>mortuus</strong></span> <span class='ocrx_word' id='word_1_284' title='bbox 998 2611 1086 2658; x_wconf 92' lang='lat' dir='ltr'><strong>est,</strong></span> <span class='ocrx_word' id='word_1_285' title='bbox 1111 2601 1181 2646; x_wconf 89' lang='lat' dir='ltr'><strong>cui</strong></span> <span class='ocrx_word' id='word_1_286' title='bbox 1214 2617 1381 2664; x_wconf 89' lang='lat' dir='ltr'><strong>magna</strong></span> <span class='ocrx_word' id='word_1_287' title='bbox 1415 2616 1470 2645; x_wconf 94' lang='lat' dir='ltr'><strong>ex</strong></span> <span class='ocrx_word' id='word_1_288' title='bbox 1495 2611 1621 2662; x_wconf 88' lang='lat' dir='ltr'><strong>parte</strong></span> <span class='ocrx_word' id='word_1_289' title='bbox 1644 2611 1781 2661; x_wconf 84' lang='lat' dir='ltr'><strong>caput</strong></span> 
     </span>
     <span class='ocr_line' id='line_1_33' title="bbox 158 2673 1780 2736; baseline 0.001 -18"><span class='ocrx_word' id='word_1_290' title='bbox 158 2689 346 2736; x_wconf 91' lang='lat' dir='ltr'><strong>ossaque</strong></span> <span class='ocrx_word' id='word_1_291' title='bbox 381 2684 638 2735; x_wconf 91' lang='lat' dir='ltr'><strong>putrescere</strong></span> <span class='ocrx_word' id='word_1_292' title='bbox 666 2684 926 2736; x_wconf 89' lang='lat' dir='ltr'><strong>coeperant,</strong></span> <span class='ocrx_word' id='word_1_293' title='bbox 958 2673 1121 2719; x_wconf 91' lang='lat' dir='ltr'><strong>haerus</strong></span> <span class='ocrx_word' id='word_1_294' title='bbox 1150 2675 1273 2721; x_wconf 90' lang='lat' dir='ltr'><strong>enim</strong></span> <span class='ocrx_word' id='word_1_295' title='bbox 1303 2691 1411 2720; x_wconf 92' lang='lat' dir='ltr'><strong>suus</strong></span> <span class='ocrx_word' id='word_1_296' title='bbox 1445 2673 1613 2719; x_wconf 90' lang='lat' dir='ltr'><strong>nullam</strong></span> <span class='ocrx_word' id='word_1_297' title='bbox 1645 2674 1702 2719; x_wconf 93' lang='lat' dir='ltr'><strong>de</strong></span> <span class='ocrx_word' id='word_1_298' title='bbox 1725 2690 1780 2719; x_wconf 93' lang='lat' dir='ltr'><strong>eo</strong></span> 
     </span>
     <span class='ocr_line' id='line_1_34' title="bbox 156 2746 1780 2811; baseline -0.001 -18"><span class='ocrx_word' id='word_1_299' title='bbox 156 2763 310 2793; x_wconf 89' lang='lat' dir='ltr'><strong>curam</strong></span> <span class='ocrx_word' id='word_1_300' title='bbox 333 2746 478 2792; x_wconf 91' lang='lat' dir='ltr'><strong>voluit</strong></span> <span class='ocrx_word' id='word_1_301' title='bbox 491 2747 602 2792; x_wconf 91' lang='lat' dir='ltr'><strong>susci</strong></span> <span class='ocrx_word' id='word_1_302' title='bbox 610 2763 729 2809; x_wconf 90' lang='lat' dir='ltr'><strong>pere;</strong></span> <span class='ocrx_word' id='word_1_303' title='bbox 747 2747 825 2793; x_wconf 91' lang='lat' dir='ltr'><strong>sed</strong></span> <span class='ocrx_word' id='word_1_304' title='bbox 843 2764 945 2811; x_wconf 89' lang='lat' dir='ltr'><strong>ego,</strong></span> <span class='ocrx_word' id='word_1_305' title='bbox 964 2765 1069 2793; x_wconf 92' lang='lat' dir='ltr'><strong>cum</strong></span> <span class='ocrx_word' id='word_1_306' title='bbox 1086 2748 1176 2794; x_wconf 92' lang='lat' dir='ltr'><strong>iam</strong></span> <span class='ocrx_word' id='word_1_307' title='bbox 1190 2749 1567 2803; x_wconf 83' lang='lat' dir='ltr'><strong>conualescerem,</strong></span> <span class='ocrx_word' id='word_1_308' title='bbox 1586 2747 1780 2793; x_wconf 90' lang='lat' dir='ltr'><strong>domum</strong></span> 
     </span>
     <span class='ocr_line' id='line_1_35' title="bbox 158 2821 1781 2886; baseline 0.001 -20"><span class='ocrx_word' id='word_1_309' title='bbox 158 2822 280 2883; x_wconf 89' lang='lat' dir='ltr'><strong>apud</strong></span> <span class='ocrx_word' id='word_1_310' title='bbox 305 2838 388 2868; x_wconf 92' lang='lat' dir='ltr'><strong>nos</strong></span> <span class='ocrx_word' id='word_1_311' title='bbox 412 2821 624 2885; x_wconf 88' lang='lat' dir='ltr'><strong>perduxi,</strong></span> <span class='ocrx_word' id='word_1_312' title='bbox 657 2821 731 2867; x_wconf 92' lang='lat' dir='ltr'><strong>vbi</strong></span> <span class='ocrx_word' id='word_1_313' title='bbox 765 2834 915 2868; x_wconf 87' lang='lat' dir='ltr'><strong>tamen</strong></span> <span class='ocrx_word' id='word_1_314' title='bbox 943 2839 1088 2886; x_wconf 92' lang='lat' dir='ltr'><strong>neque</strong></span> <span class='ocrx_word' id='word_1_315' title='bbox 1119 2822 1354 2886; x_wconf 88' lang='lat' dir='ltr'><strong>diligentia</strong></span> <span class='ocrx_word' id='word_1_316' title='bbox 1387 2838 1535 2885; x_wconf 89' lang='lat' dir='ltr'><strong>neque</strong></span> <span class='ocrx_word' id='word_1_317' title='bbox 1559 2837 1781 2884; x_wconf 89' lang='lat' dir='ltr'><strong>expensae</strong></span> 
     </span>
     <span class='ocr_line' id='line_1_36' title="bbox 157 2894 713 2959; baseline 0.004 -19"><span class='ocrx_word' id='word_1_318' title='bbox 157 2895 401 2959; x_wconf 91' lang='lat' dir='ltr'><strong>quicquam</strong></span> <span class='ocrx_word' id='word_1_319' title='bbox 428 2894 713 2958; x_wconf 90' lang='lat' dir='ltr'><strong>profuerunt.</strong></span> 
     </span>
    </p>

    <p class='ocr_par' dir='ltr' id='par_1_4' title="bbox 223 2968 1779 3032">
     <span class='ocr_line' id='line_1_37' title="bbox 223 2968 1779 3032; baseline 0.001 -18"><span class='ocrx_word' id='word_1_320' title='bbox 223 2969 276 3014; x_wconf 89' lang='lat' dir='ltr'><strong>In</strong></span> <span class='ocrx_word' id='word_1_321' title='bbox 302 2968 383 3015; x_wconf 88' lang='lat' dir='ltr'><strong>hac</strong></span> <span class='ocrx_word' id='word_1_322' title='bbox 408 2968 752 3032; x_wconf 89' lang='lat' dir='ltr'><strong>quadragesima</strong></span> <span class='ocrx_word' id='word_1_323' title='bbox 773 2968 1066 3016; x_wconf 90' lang='lat' dir='ltr'><strong>concionatus</strong></span> <span class='ocrx_word' id='word_1_324' title='bbox 1088 2986 1191 3016; x_wconf 90' lang='lat' dir='ltr'><strong>sum</strong></span> <span class='ocrx_word' id='word_1_325' title='bbox 1219 2970 1264 3017; x_wconf 91' lang='lat' dir='ltr'><strong>in</strong></span> <span class='ocrx_word' id='word_1_326' title='bbox 1288 2969 1563 3026; x_wconf 87' lang='lat' dir='ltr'><strong>carceribus,</strong></span> <span class='ocrx_word' id='word_1_327' title='bbox 1590 2969 1666 3016; x_wconf 91' lang='lat' dir='ltr'><strong>vbi</strong></span> <span class='ocrx_word' id='word_1_328' title='bbox 1690 2969 1779 3016; x_wconf 92' lang='lat' dir='ltr'><strong>Dei</strong></span> 
     </span>
    </p>
   </div>
   <div class='ocr_carea' id='block_1_3' title="bbox 211 3127 782 3176">
    <p class='ocr_par' dir='ltr' id='par_1_5' title="bbox 211 3127 782 3176">
     <span class='ocr_line' id='line_1_38' title="bbox 211 3127 782 3176; baseline 0 -10"><span class='ocrx_word' id='word_1_329' title='bbox 211 3127 224 3152; x_wconf 93' lang='lat'><strong>¹</strong></span> <span class='ocrx_word' id='word_1_330' title='bbox 280 3131 502 3176; x_wconf 87' lang='lat' dir='ltr'><strong>Alphonsus</strong></span> <span class='ocrx_word' id='word_1_331' title='bbox 522 3129 568 3166; x_wconf 90' lang='lat' dir='ltr'><strong>de</strong></span> <span class='ocrx_word' id='word_1_332' title='bbox 587 3129 782 3166; x_wconf 88' lang='lat' dir='ltr'><strong>Noronha.</strong></span> 
     </span>
    </p>
   </div>
  </div>
 </body>
</html>
