2008 3510
779 305 826 344 18
854 305 1066 346 Ocromus
1098 315 1198 355 1549
1669 303 1744 354 683

174 413 220 458 A
255 428 410 459 mense
444 410 678 458 Februarii
715 411 982 475 praeterito,
1014 428 1107 476 quo
1140 410 1196 457 ad
1234 427 1317 457 vos
1346 410 1521 474 scripsi,
1565 426 1705 475 vsque
1742 411 1798 458 ad

175 486 466 534 dimidiatum
491 503 695 533 mensem
730 486 932 549 Augusti
963 485 1007 531 hi
1039 495 1200 549 portus
1230 478 1367 532 clausi
1392 501 1570 548 semper
1595 483 1798 543 fuerunt,

174 561 341 624 partim
374 560 498 618 belli,
539 560 595 607 ab
627 561 696 607 his
727 561 895 606 mauris
926 570 1044 606 terra
1079 560 1280 624 marique
1311 560 1447 623 gesti,
1479 559 1643 623 partim
1683 560 1799 624 regis

176 634 514 700 Xarifelcausa‚
540 635 618 699 qui
649 652 756 699 erga
789 635 959 682 Christi
991 634 1143 682 fideles
1174 635 1234 681 ita
1266 651 1311 680 se
1337 635 1571 680 inimicum
1597 635 1798 697 praebet,

174 721 226 756 vt
249 701 347 765 εοε,ι
378 720 423 756 et
455 709 742 773 potissimum
776 709 1050 766 lusithanos‚
1076 709 1121 754 in
1154 725 1289 754 suum
1315 725 1508 771 regnum
1535 725 1589 754 ne
1614 708 1800 755 introire

175 784 361 848 quidem
388 784 518 843 velit,
543 785 656 831 adeo
688 796 739 830 vt
769 784 975 830 videatur
1006 782 1235 846 flagellum
1268 783 1350 828 sibi
1376 782 1437 828 eis
1462 794 1670 845 paratum
1698 799 1800 846 pre-

176 859 343 915 uidere,
369 859 512 922 quod,
538 870 589 905 vt
613 875 761 922 spero,
784 859 912 904 Deus
932 858 1120 904 minime
1135 857 1326 904 differet.
1350 857 1517 920 Nuper
1541 874 1597 903 ex
1619 857 1800 903 ciuitate

178 933 300 980 Feza
341 933 602 980 audiuimus
633 933 802 980 multos
834 950 941 980 eum
976 932 1134 979 adiisse
1168 943 1523 995 conquerentes,
1556 932 1681 995 quod
1720 948 1799 978 nec

174 1024 349 1071 pannos
374 1008 430 1054 ad
454 1008 687 1067 vestitum,
715 1025 793 1054 nec
820 1007 923 1054 alias
948 1024 1130 1064 merces,
1150 1024 1262 1071 quas
1280 1006 1363 1053 illis
1390 1006 1671 1070 Portugallia
1694 1023 1800 1069 sup-

175 1082 378 1146 peditare
402 1095 715 1141 consueuerat,
741 1082 823 1130 sibi
852 1083 910 1129 ad
938 1082 1054 1128 vitae
1081 1099 1212 1128 vsum
1238 1082 1504 1128 necessarias
1531 1081 1799 1137 inuenirent3

175 1173 315 1220 quare
341 1156 503 1203 Xarife
527 1157 648 1220 ipsos
672 1169 833 1221 portus
858 1157 1042 1215 locauit,
1067 1156 1284 1219 iussitque
1307 1173 1405 1214 eos,
1432 1167 1482 1202 vt
1505 1166 1634 1201 antea
1658 1167 1799 1212 erant,

176 1231 360 1294 aperiri,
392 1242 443 1278 vt
473 1231 658 1277 solitum
689 1248 795 1277 cum
826 1231 908 1277 illis
937 1230 1208 1277 comertium
1242 1229 1474 1277 haberent.
1507 1229 1571 1276 Et
1594 1228 1801 1292 profecto

177 1305 287 1351 nihil
321 1317 408 1362 est,
439 1305 565 1370 quod
597 1306 692 1352 eius
723 1305 893 1351 subditi
925 1304 981 1351 ab
1012 1322 1065 1350 eo
1099 1304 1277 1368 aegrius
1318 1302 1487 1360 ferant,
1529 1320 1667 1367 quam
1697 1320 1800 1349 cum

176 1378 409 1442 prohibet,
442 1395 497 1424 ne
527 1389 799 1425 mercatores
840 1380 884 1425 in
928 1396 1063 1425 suum
1097 1395 1291 1441 regnum
1323 1377 1649 1442 ingrediantur.
1690 1377 1802 1424 Hoc

174 1453 335 1500 eodem
363 1464 571 1516 tempore
595 1464 687 1499 tam
714 1454 860 1500 multa
884 1453 966 1500 alia
985 1453 1096 1500 mihi
1122 1453 1392 1509 acciderunt,
1419 1464 1470 1499 vt
1493 1452 1672 1516 singula
1695 1470 1802 1516 per-

176 1527 370 1574 scribere
394 1526 711 1574 difficillimum
738 1540 863 1575 esset.
892 1528 1003 1574 Non
1030 1528 1160 1591 pauci
1186 1544 1243 1573 ex
1271 1526 1508 1585 militibus,
1533 1527 1610 1590 qui
1636 1527 1803 1572 Alcan-

177 1618 254 1648 zer
279 1614 324 1648 et
357 1601 546 1665 Tanger
575 1613 724 1659 erant,
757 1619 782 1648 a
813 1603 980 1649 mauris
1008 1602 1127 1665 capti
1159 1600 1368 1657 fuerunt3
1400 1618 1456 1647 ex
1486 1618 1580 1665 quo
1610 1601 1731 1647 enim
1758 1601 1802 1646 in

177 1676 284 1722 haec
309 1675 406 1722 loca
430 1675 634 1734 veniunt,
660 1693 780 1723 nunc
806 1677 935 1736 mari,
956 1693 1076 1724 nunc
1098 1687 1230 1733 terra,
1251 1674 1353 1739 plus
1377 1687 1562 1722 centum
1586 1684 1804 1739 ceperunt

175 1749 394 1796 homines.
502 1751 510 1758 ”

242 1824 472 1888 Superiori
498 1841 650 1871 mense
677 1825 881 1888 Augusti
909 1825 1150 1872 nonnullae
1184 1825 1273 1872 huc
1305 1825 1572 1872 turcharum
1600 1825 1803 1871 triremes

175 1911 507 1963 peruenerunt,
540 1900 584 1946 in
616 1899 782 1964 quibus
812 1900 1027 1964 permulti
1058 1901 1226 1964 captiui
1259 1901 1384 1947 ducti
1426 1911 1559 1957 sunt3
1601 1917 1706 1946 narn
1748 1917 1804 1946 ex

176 1974 379 2038 quodam
406 1973 684 2020 Andalutiae
709 1973 811 2021 loco
834 1990 984 2033 xxxv,
1008 1991 1066 2020 ex
1086 1975 1290 2039 Algarbe
1313 1991 1398 2032 ΧΠ,
1423 1990 1524 2021 xvn
1550 1991 1606 2021 ex
1632 1974 1802 2033 Racbe,

177 2048 292 2094 inter
316 2064 432 2111 quos
455 2059 584 2094 erant
610 2059 655 2094 et
680 2049 856 2095 monaci
881 2060 927 2096 et
950 2049 1225 2114 presbyteri,
1249 2050 1295 2096 in
1319 2049 1469 2095 Bellez
1495 2049 1633 2095 semel
1660 2065 1803 2106 xxxx,

176 2122 375 2169 secundo
400 2139 510 2169 uero
536 2138 637 2168 xxx
661 2134 903 2187 ceperunt,
936 2140 1022 2187 pro
1046 2140 1247 2187 quorum
1282 2123 1597 2186 redemptione
1630 2136 1804 2184 50.000

164 2197 447 2243 ,ducatorum
472 2196 804 2246 offerebantur:
830 2208 959 2243 erant
984 2197 1106 2244 enim
1132 2197 1192 2244 illi
1218 2213 1311 2244 Lxx
1336 2213 1494 2243 omnes
1520 2195 1611 2243 fere
1636 2209 1802 2259 genere

177 2270 369 2327 nobiles,
399 2263 445 2317 et
475 2271 520 2316 in
552 2288 712 2317 eorum
748 2288 940 2318 numero
970 2271 1064 2318 duo
1095 2271 1212 2335 regis
1243 2271 1395 2318 Bellez
1429 2270 1520 2317 filii.
1561 2272 1614 2317 In
1657 2269 1803 2316 Casti-

177 2345 234 2392 lia
266 2361 397 2392 xxxv
427 2345 547 2409 capti
587 2358 715 2403 sunt,
757 2357 802 2392 et
844 2344 938 2392 fere
967 2362 1126 2392 omnes
1155 2358 1284 2392 erant
1324 2346 1554 2403 mulieres,
1593 2344 1721 2407 pueri
1758 2354 1803 2390 et

177 2419 365 2483 puellae.
403 2419 522 2481 Quis
552 2420 656 2477 erit,
689 2418 850 2466 fratres
878 2419 1148 2479 charissimi,
1190 2432 1282 2467 tam
1326 2420 1536 2467 immanis
1575 2419 1803 2483 cordeque

178 2504 272 2540 tam
295 2493 540 2553 obdurato,
564 2495 738 2541 etiamsi
763 2494 874 2542 alter
897 2495 955 2541 sit
978 2495 1123 2554 Nero,
1149 2496 1242 2560 qui,
1267 2495 1380 2543 dum
1406 2495 1488 2541 hos
1514 2494 1637 2541 videt
1659 2494 1802 2557 capti-

178 2586 262 2617 uos
285 2569 405 2628 duci,
429 2569 603 2616 nudato
627 2569 787 2633 capite,
813 2568 1068 2616 funiculum
1093 2569 1209 2616 collo
1235 2579 1456 2634 gerenteS,
1481 2584 1587 2614 cum
1611 2567 1803 2631 insignia

178 2656 283 2691 ante
306 2660 383 2691 eos
406 2642 639 2707 praeferri,
657 2660 763 2690 cum
780 2644 914 2690 variis
934 2644 1344 2691 instrumentorum
1364 2643 1641 2690 musicorum
1667 2658 1802 2706 gene-

178 2718 318 2777 ribus,
343 2717 654 2765 exultantibus
678 2718 869 2775 mauris,
895 2735 987 2764 non
1012 2718 1164 2765 statim
1187 2718 1232 2765 in
1258 2717 1525 2765 Hieremiae
1550 2715 1803 2779 lachrymas

178 2804 412 2856 erumpat,
442 2803 488 2839 et
517 2809 622 2839 cum
654 2792 879 2856 propheta
912 2793 1071 2840 Dauid
1104 2810 1160 2839 ex
1190 2793 1284 2840 imo
1317 2793 1452 2839 corde
1487 2790 1709 2838 exclamet
1745 2790 1801 2836 ad

181 2868 356 2915 Deum:
384 2867 587 2931 Exurge,
612 2883 751 2931 quare
774 2866 1029 2925 obdormis,
1057 2868 1283 2915 Domine?
1308 2867 1510 2929 Exurge,
1538 2882 1592 2911 ne
1615 2863 1803 2928 repellas

179 2940 222 2986 in
255 2939 450 2996 finem¹;
481 2956 587 2985 cum
627 2939 891 3002 praesertim
929 2939 1060 2986 multi
1101 2940 1211 2997 sint,
1252 2940 1350 3004 qui,
1384 2939 1439 2985 de
1476 2955 1556 2984 sua
1597 2937 1802 2984 libertate

178 3014 490 3077 desperantes,
520 3014 664 3060 mauri
691 3014 956 3071 efficiantur,
981 3015 1374 3079 quemadmodum
1400 3013 1574 3060 circiter
1603 3027 1661 3076 50
1686 3010 1801 3058 fece-

234 3171 246 3197 ¹
303 3174 368 3213 ΡΞ.
388 3182 504 3221 xmn,
528 3184 588 3222 ²3·
