2008 3510
761 267 785 304 6
815 265 1074 306 Ssspmmms
1107 276 1208 317 1550
1668 258 1747 316 705

171 372 340 418 multos
363 372 410 418 in
433 388 485 418 ea
508 383 689 419 curatos
713 372 980 431 sacerdotes,
1006 371 1085 436 qui
1109 370 1291 417 alterius
1314 369 1519 418 defuncti
1554 370 1801 418 sacerdotis

168 446 380 510 exequias
403 445 702 504 celebrabant,
729 447 917 494 inuenit.
945 447 1001 493 Ei
1026 446 1212 509 spiritus
1235 445 1474 509 suggessit,
1500 457 1551 491 ut
1575 445 1681 492 inde
1708 463 1799 492 non

168 520 430 577 discederet,
472 520 554 566 nisi
592 521 718 583 prius
746 521 998 568 sacerdotes
1030 521 1169 583 ipsos,
1208 531 1260 565 ut
1298 519 1583 566 ecclesiarum
1614 536 1801 566 suarum

168 610 323 640 curam
348 594 486 657 digne
510 607 792 657 peragerent,
817 594 1088 641 adhortatus
1121 592 1302 652 fuisset,
1334 593 1460 657 quod
1492 593 1529 639 ei
1567 593 1797 657 [accidit]?

170 684 262 713 non
298 668 509 732 equidem
549 668 718 732 absque
758 667 933 726 fructu;
973 686 1049 715 eos
1089 668 1243 732 itaque
1284 668 1342 713 ad
1383 679 1533 714 sancte
1571 668 1801 733 digneque

170 742 422 789 viuendum
460 743 615 790 multis
650 744 859 790 hortatus
896 755 964 790 est
997 743 1298 790 sermonibus.
1334 742 1405 789 Hi
1438 759 1597 788 omnes
1629 742 1802 789 lubenti

169 816 322 862 animo
345 828 392 862 et
415 816 543 863 hilari
570 816 723 864 fronte
748 835 853 864 eum
885 819 1148 874 audierunt,
1177 828 1223 864 et
1250 817 1416 881 gratias
1447 817 1485 880 ei
1518 827 1726 881 egerunt,
1759 827 1804 863 et

167 889 303 953 aliqui
328 907 385 937 ex
409 891 515 954 ipsis
540 889 890 939 familiaritatem
914 909 1019 938 cum
1045 892 1122 938 illo
1146 891 1258 937 inire
1282 891 1548 949 uoluerunt3
1568 892 1690 938 unde
1708 909 1804 938 cre-

167 964 319 1010 dimus
344 965 513 1011 multos
536 982 592 1011 ex
615 966 721 1029 ipsis
745 966 954 1012 exercitia
979 964 1165 1022 faciunt,
1191 965 1307 1011 inter
1331 981 1450 1029 quos
1474 965 1608 1030 aliqui
1630 965 1803 1013 nobiles

166 1050 288 1086 sunt.
314 1038 497 1086 Multae
520 1051 629 1087 sunt
651 1041 786 1087 etiam
820 1041 1041 1104 virgines,
1073 1040 1241 1105 quibus
1271 1052 1323 1086 ut
1356 1040 1623 1104 religionem
1653 1041 1799 1105 ingre-

168 1112 403 1172 derentur,
428 1115 666 1172 suasimus,
691 1115 819 1179 quod
842 1115 1016 1179 aliquae
1042 1115 1130 1161 iam
1164 1114 1384 1172 fecerunt,
1421 1115 1529 1160 aliae
1560 1115 1617 1162 ad
1650 1115 1801 1179 ipsum

167 1204 460 1252 summopere
483 1200 659 1252 optant.

231 1262 304 1309 De
329 1262 555 1327 frequenti
575 1263 902 1310 communione
926 1264 1011 1310 hoc
1033 1263 1116 1310 sibi
1136 1263 1404 1327 persuadeat
1427 1263 1507 1327 [P.
1535 1264 1617 1327 V.]
1647 1264 1800 1322 uelim,

167 1337 336 1383 multos
359 1354 469 1394 esse,
494 1337 572 1401 qui
599 1336 883 1402 frequentius
906 1338 1261 1384 communicant.
1292 1337 1362 1384 Hi
1395 1337 1439 1383 in
1470 1338 1716 1385 uirtutibus
1740 1339 1802 1385 ita

166 1410 426 1474 proficiunt,
458 1423 509 1458 ut
538 1422 583 1457 et
618 1411 907 1458 admirationi
938 1425 983 1458 et
1013 1411 1225 1474 exemplo
1259 1410 1355 1457 aliis
1386 1411 1495 1460 sint:
1529 1411 1597 1458 his
1628 1412 1673 1458 in
1706 1413 1801 1459 dies

167 1486 380 1550 permulti
405 1487 731 1550 adiunguntur.
762 1486 906 1532 Multi
932 1487 1187 1533 sacerdotes
1212 1485 1373 1543 curati,
1409 1497 1507 1531 tum
1534 1486 1579 1532 in
1603 1486 1799 1544 ciuitate,

167 1573 267 1607 tum
298 1573 426 1608 extra
457 1562 617 1625 ipsam,
651 1578 785 1608 suasu
820 1572 976 1608 nostro
1006 1560 1222 1607 omnibus
1256 1558 1380 1606 festis
1412 1559 1457 1605 in
1487 1560 1578 1606 suis
1608 1560 1800 1607 ecclesiis

164 1636 523 1684 communicant.

228 1710 486 1758 Scholastici
512 1711 653 1758 nostri
688 1728 779 1758 non
809 1711 1006 1775 segniter
1037 1710 1175 1757 literis
1206 1709 1443 1767 insudant;
1474 1709 1519 1755 hi
1549 1709 1670 1756 enim
1705 1710 1800 1757 dies

165 1797 411 1850 noctesque
434 1787 480 1832 in
507 1785 645 1832 literis
668 1786 729 1832 ita
751 1797 1043 1843 consumunt,
1068 1797 1120 1832 ut
1143 1801 1240 1832 rem
1276 1785 1380 1831 Deo
1411 1783 1732 1848 gratissimam,
1763 1785 1798 1831 si

165 1859 279 1907 bene
315 1861 592 1919 studuerint,
626 1878 672 1907 se
709 1859 864 1907 fecisse
899 1861 1196 1918 arbitrentur3
1234 1859 1382 1906 sciunt
1417 1859 1538 1905 enim
1572 1870 1798 1922 quantum

166 1931 341 1980 fructus
373 1946 420 1981 et
449 1935 652 1982 Vtilitatis
676 1935 910 1982 literarum
934 1946 1204 1981 ornamenta
1236 1933 1508 1997 reipublicae
1531 1933 1797 1980 christianae

165 2006 386 2056 adferant.

230 2082 364 2130 Haec
388 2083 539 2148 itaque
563 2095 683 2141 sunt,
711 2084 846 2130 Pater
877 2083 1182 2142 obseruande,
1215 2083 1272 2129 de
1302 2081 1470 2146 quibus
1498 2098 1797 2128 commonen-

163 2157 277 2204 dum
302 2168 347 2204 te
370 2175 490 2205 nunc
514 2157 612 2205 fore
633 2158 900 2205 existimaui.
928 2158 1083 2204 Multa
1106 2168 1267 2214 essent,
1294 2174 1410 2221 quae
1436 2173 1670 2220 possemus
1688 2157 1796 2203 scri-

165 2230 290 2290 bere;
320 2232 400 2279 sed
430 2249 573 2296 pauca
606 2233 735 2290 haec,
767 2249 882 2297 quae
920 2233 1090 2279 maiora
1118 2249 1211 2279 esse
1242 2231 1565 2288 iudicauimus,
1598 2248 1654 2277 ex
1687 2231 1794 2293 ipsis

162 2306 479 2370 excerpsimus.
508 2306 634 2364 Vale,
666 2307 811 2366 Pater,
836 2319 880 2354 et
911 2307 1000 2353 tuis
1032 2324 1113 2353 nos
1144 2307 1248 2352 Deo
1278 2306 1444 2370 iugiter
1475 2306 1637 2352 sanctis
1667 2322 1794 2352 com-

165 2381 329 2428 menda
350 2382 646 2430 orationibus,
672 2382 849 2430 Bonon.
876 2398 964 2428 vm
991 2381 1092 2429 idus
1117 2380 1396 2444 Septembris
1428 2396 1443 2426 1
1456 2394 1480 2442 5
1489 2394 1561 2442 50.

287 3211 462 3243 Emnom
484 3213 640 3250 ΜιιτΑι,
661 3221 743 3243 Tou.
766 3222 797 3243 v.
1619 3219 1660 3253 45
