2008 3510
741 276 787 303 21
820 264 1070 303 NovEMssms
1100 264 1203 315 1556
1659 276 1735 315 519

154 374 266 430 dua3
296 383 341 419 et
371 371 487 419 della
517 371 586 417 lor
616 382 787 417 uenuta
819 370 1016 416 hauemo
1044 370 1248 416 riceuuta
1278 369 1439 433 grand’
1460 368 1716 433 allegrezza
1744 383 1789 417 et

154 446 461 494 consolatione
489 445 559 492 nel
586 445 790 508 Signore.

222 522 363 568 Resta
395 520 473 584 qui
504 519 532 566 il
565 517 745 565 fratello
778 518 952 582 piccolo
976 518 1047 565 del
1080 518 1209 565 detto
1241 517 1294 565 P.
1325 518 1527 564 Vittoria
1550 518 1578 577 ¹,
1603 518 1632 564 il
1657 519 1788 583 quale

158 596 219 642 nii
244 613 350 659 pare
375 594 521 641 molto
547 594 756 640 modesto
780 605 825 640 et
848 594 951 640 ben'
974 593 1202 640 inclinato.

221 670 278 717 Ci
303 669 572 732 rallegramo
597 669 660 714 sia
685 669 852 732 giunto
876 685 985 715 sano
1010 668 1037 714 il
1064 667 1242 714 fratello
1267 669 1487 732 Georgio.

222 743 258 791 Il
286 744 337 792 P.
365 743 533 790 Fuluio
552 742 569 767 ²
594 743 627 789 si
654 743 774 807 parti
800 743 996 789 martedi
1028 753 1208 806 passato
1241 760 1322 806 per
1344 743 1484 790 Siena.
1519 744 1573 789 Se
1604 743 1666 789 lui
1697 759 1790 789 non

156 819 341 865 hauesse
366 821 424 865 da
448 817 667 864 fermarse
690 818 834 882 quiui,
854 818 1100 864 haueremo
1117 817 1254 862 charo
1274 817 1463 863 hauerlo
1482 817 1527 863 in
1549 817 1586 862 F
1590 818 1790 865 iorenza.

220 893 256 938 Il
288 893 444 956 signor
468 892 562 938 don
596 892 725 954 Luys
745 891 760 916 ³
785 908 1015 955 promesse
1048 891 1158 937 hieri
1190 890 1229 936 al
1261 891 1410 938 Padre
1444 891 1537 938 don
1571 891 1757 954 Diegho
1777 889 1792 915 ⁴

156 968 202 1014 di
228 966 298 1014 far
321 968 482 1014 cedere
507 966 591 1012 alla
615 966 690 1013 lite
711 965 740 1022 ⁵;
766 977 812 1013 et
836 968 947 1030 pero
972 967 1070 1012 sara
1095 965 1210 1012 bene
1241 966 1324 1012 che
1346 967 1379 1013 si
1406 966 1481 1013 dia
1511 966 1637 1012 auiso
1661 982 1707 1011 se
1730 965 1791 1029 gli

157 1042 307 1105 agenti
334 1041 361 1086 l’
381 1041 646 1087 haueranno
673 1039 790 1086 fatto
814 1058 842 1086 o
868 1057 945 1087 no.

224 1115 427 1178 Quando
452 1116 584 1161 uerra
608 1115 636 1160 il
661 1115 819 1178 signor
841 1114 1000 1160 dottor
1025 1113 1291 1176 Astudiglio
1311 1113 1327 1138 ⁶
1351 1130 1442 1159 non
1470 1114 1793 1159 mancheremo

157 1190 202 1236 di
227 1188 362 1252 fargli
386 1199 504 1235 tutte
528 1189 568 1234 le
591 1189 812 1235 charezze
837 1188 1013 1244 offerte,
1037 1198 1082 1234 et
1105 1187 1276 1253 seruitij
1311 1188 1393 1234 che
1423 1199 1650 1251 potremo,
1675 1188 1794 1234 oltra

157 1263 201 1309 di
227 1263 374 1326 dargli
401 1277 463 1309 20
486 1262 630 1309 scudi.
667 1262 799 1308 Circa
830 1261 984 1326 quello
1014 1262 1098 1307 che
1136 1262 1284 1308 Mtro.
1317 1261 1551 1308 Giouanni
1581 1262 1800 1309 tedescho

159 1338 216 1383 ha
239 1337 506 1384 dimandato
538 1336 622 1382 alla
651 1337 699 1383 P.
728 1337 804 1393 V.‚
829 1337 890 1400 gli
922 1336 1223 1394 raccomando
1243 1327 1400 1381 ‘molto
1431 1336 1472 1381 la
1495 1353 1619 1393 cosa,
1650 1336 1733 1382 che
1758 1336 1792 1382 si

157 1411 295 1475 degni
322 1411 361 1456 la
386 1411 442 1458 P.
469 1411 544 1468 V.‚
573 1411 791 1472 potendo‚
823 1409 1129 1474 gratificargli.
1165 1409 1234 1455 La
1268 1410 1427 1456 lettera
1458 1410 1531 1456 del
1563 1410 1617 1457 P.
1643 1410 1791 1456 Mtr0.

157 1485 335 1532 Nadale
360 1501 442 1548 per
464 1484 522 1531 V.
553 1484 622 1542 P.,
649 1501 730 1530 sua
754 1501 1003 1531 reuerenza
1029 1483 1055 1528 l’
1073 1484 1132 1529 ha
1150 1484 1336 1547 pigliata
1353 1495 1399 1530 et
1422 1495 1592 1547 aperta,
1617 1496 1661 1530 et
1686 1500 1795 1547 por—

159 1561 255 1606 tera
281 1559 321 1605 la
345 1559 563 1605 sustantia
586 1558 674 1604 alla
697 1558 747 1605 P.
775 1558 835 1605 V.
862 1559 950 1604 Sua
975 1575 1224 1604 reuerenza
1246 1558 1280 1604 si
1307 1559 1423 1621 parti
1448 1558 1634 1605 domani
1653 1575 1740 1604 con
1764 1557 1794 1604 il

162 1634 216 1682 P.
239 1633 441 1679 Vittoria
464 1649 546 1695 per
570 1632 715 1689 Siena,
739 1649 870 1678 corne
893 1632 1037 1678 scriue
1062 1633 1104 1680 S.
1132 1632 1207 1688 R.‚
1233 1632 1273 1677 la
1297 1631 1430 1696 quale
1456 1633 1516 1678 m'
1534 1633 1591 1677 ha
1615 1633 1795 1678 lasciato

160 1708 206 1754 lo
229 1707 387 1754 scritto
411 1706 529 1753 della
551 1706 828 1770 prouisione‚
854 1717 1073 1752 accettato
1103 1722 1185 1768 per
1209 1723 1347 1751 mano
1378 1706 1451 1752 del
1481 1706 1662 1769 signore
1693 1707 1796 1751 An-

160 1783 269 1828 drea
301 1780 528 1837 Gutieres,
559 1780 680 1827 siche
713 1780 753 1826 la
779 1781 832 1829 P.
865 1780 923 1827 V.
957 1779 1028 1826 alli
1059 1780 1159 1826 suoi
1188 1780 1330 1843 tempi
1363 1780 1537 1827 auisera
1566 1781 1612 1827 di
1643 1780 1795 1844 quello

160 1856 194 1901 s'
214 1855 384 1900 hauera
406 1854 465 1900 da
487 1852 593 1900 fare.

229 1928 318 1974 Per
335 1927 592 1990 risponder’
612 1927 651 1972 al
680 1927 730 1973 P.
756 1927 904 1973 Mtro.
926 1927 1109 1973 Giouan
1132 1926 1164 1985 ⁷,
1191 1927 1230 1973 le
1254 1928 1531 1974 conclusioni
1557 1927 1795 1976 chehaue—

162 2019 239 2048 mo
262 2002 469 2048 riceuuto
493 2018 607 2047 sono
637 2001 784 2064 quelle
819 2000 936 2047 della
973 2001 1132 2065 logica,
1164 2001 1470 2065 philosophia,
1502 2001 1795 2064 metaphisica

218 2182 231 2207 ¹
286 2185 326 2222 P.
347 2185 517 2221 Joannes
537 2185 584 2220 de
604 2184 791 2229 Victoria,
814 2195 860 2220 ne
882 2185 920 2220 in
939 2184 1127 2230 Hispania
1152 2185 1242 2221 «diu
1263 2190 1464 2232 expectare
1491 2190 1703 2231 cogeretur,
1725 2185 1797 2220 sub

164 2252 389 2283 autumnum
417 2258 503 2283 cum
531 2247 644 2282 fratre
669 2246 820 2282 Didaco
841 2247 888 2282 de
906 2247 1082 2283 Victoria
1107 2247 1302 2293 profectus
1328 2252 1396 2285 est.
1424 2248 1555 2284 Alium
1583 2248 1696 2284 etiarn
1723 2247 1798 2282 fra-

162 2315 258 2346 trem
285 2310 526 2346 Ludovicum
546 2310 592 2345 de
613 2309 800 2355 Victoria,
821 2310 885 2356 qui
913 2310 963 2345 acl
989 2309 1224 2347 Societatem
1250 2311 1364 2347 etiam
1393 2311 1561 2347 animum
1588 2311 1795 2358 adjecerat,

163 2383 294 2408 secum
327 2372 518 2408 deducere
556 2370 718 2407 Romam
748 2371 928 2417 voluit...;
967 2372 1035 2407 sed
1065 2377 1221 2418 propter
1253 2374 1466 2410 morbum...
1499 2373 1688 2408 deducere
1719 2382 1796 2407 non

164 2435 305 2480 potuit;
333 2438 370 2470 et
394 2438 529 2470 neuter
554 2444 603 2470 ex
628 2433 808 2469 fratribus
835 2434 875 2469 in
901 2433 1095 2470 Societate
1123 2435 1419 2480 perseveravit.»
1448 2435 1656 2478 POLANCO,
1685 2438 1709 2470 t.
1737 2441 1795 2479 VI,

164 2509 254 2544 pag
276 2498 365 2545 584,
388 2498 476 2544 585
499 2507 538 2533 n.
563 2505 677 2544 2525
703 2498 817 2544 2526

289 2559 328 2596 Ρ
349 2559 508 2595 Fulvius
528 2559 752 2595 Androtius.

219 2619 234 2644 ⁸
288 2620 508 2657 Ludovicus
528 2622 575 2656 de
595 2621 755 2666 Toledo,
776 2620 990 2657 Eleonorae
1011 2620 1137 2667 frater,
1154 2621 1330 2658 ducissae
1350 2621 1582 2657 Florentiae.

220 2679 234 2704 ⁴
288 2682 458 2718 Didacus
479 2683 526 2718 de
548 2682 733 2719 Guzman.

219 2741 234 2767 ⁵
289 2744 346 2780 De
366 2746 440 2781 hac
459 2745 526 2781 lite
545 2745 634 2781 vide
653 2746 861 2789 POLANCO‚
884 2749 909 2782 t.
932 2753 990 2791 VI,
1011 2755 1099 2791 pag.
1124 2753 1210 2793 157,
1235 2746 1321 2793 158,
1344 2756 1379 2781 n.
1403 2745 1491 2792 580.

219 2803 234 2828 ‘⁵
290 2806 520 2843 Franciscus
550 2807 758 2853 Astudillo,
787 2807 894 2853 cujus
927 2807 1075 2843 litteras
1108 2807 1272 2844 afferunt
1299 2804 1434 2857 Epist.
1470 2802 1651 2848 le'xtae,
1683 2810 1708 2841 t.
1742 2813 1800 2849 1v,

168 2879 255 2914 pag.
275 2869 366 2915 380.

220 2927 236 2952 '¹
293 2930 596 2977 Compendiaria‘
611 2934 703 2967 nota
728 2930 792 2966 hic
818 2931 1032 2975 adhibetur,
1054 2941 1151 2977 quae
1173 2928 1357 2968 Polanco
1378 2935 1443 2966 aut
1463 2927 1663 2979 Plcz'lz'ppo
1684 2929 1804 2975 signi-

170 2993 284 3029 ficare
313 2993 466 3039 plenius
498 2998 638 3039 potest.
669 2993 711 3029 Si
736 2993 929 3039 posterior
956 2993 1204 3039 intelligatur,
1231 3003 1357 3030 sermo
1385 2993 1455 3028 erit
1481 2993 1528 3027 de
1557 2992 1596 3028 P.
1622 2992 1800 3037 Philippo

170 3054 277 3100 Vito,
309 3056 417 3102 cujus
450 3065 568 3101 opera
591 3055 762 3091 Polaneo
788 3055 827 3090 in
859 3055 1063 3091 scribendo
1091 3055 1280 3092 utebatur.
1309 3056 1426 3091 Porro
1453 3054 1602 3101 utrique
1632 3053 1802 3089 Joannes

173 3115 288 3151 etiam
308 3126 449 3152 nomen
470 3119 562 3161 erat,
582 3119 742 3162 uterque
762 3116 892 3152 statim
912 3116 951 3151 in
970 3116 1042 3152 hac
1062 3116 1146 3162 ipsa
1167 3117 1330 3162 epistola
1350 3115 1520 3152 recurrit.
