2066 3516
758 300 805 327 21
838 288 1090 327 Novimss'Ris
1122 299 1221 339 1555
1708 297 1759 336 97

167 397 275 444 dine
300 395 516 444 narrabo:
548 396 631 442 etsi
663 396 887 459 prolixior
918 413 1058 460 quam
1085 407 1269 459 oportet
1302 394 1449 454 fuero,
1481 411 1607 441 meae
1631 394 1813 457 impru-

169 471 348 518 dentiae
375 471 712 533 imponendum
736 483 816 518 est.

236 545 395 591 Primo
422 545 706 591 Florentiam
732 562 814 591 nos
838 562 999 591 omnes
1023 545 1129 591 satis
1153 561 1385 608 prospere,
1418 545 1513 590 laus
1536 544 1656 603 Deo,
1682 545 1814 591 veni-

172 635 275 665 mus
296 617 321 665 ¹.
354 619 429 666 M.
457 618 709 677 Gerardus,
734 636 815 665 nec
841 619 984 682 peius,
1010 635 1091 665 nec
1122 618 1283 664 melius
1306 635 1352 664 se
1378 618 1552 676 habuit,
1579 618 1662 664 nisi
1686 619 1815 682 quod

173 710 266 739 non
293 704 392 739 erat
416 706 621 739 assuetus
638 694 792 759 jacere
817 694 860 739 in
886 694 995 739 cista
1014 693 1216 739 mularia.
1239 693 1498 755 Stephanus
1516 693 1665 755 prima
1684 703 1818 739 nocte

172 768 298 831 spuit
321 768 608 830 sanguinem,
633 769 712 814 sed
731 779 890 831 postea
908 785 999 814 non
1020 767 1190 831 absque
1211 784 1377 830 magna
1397 768 1505 813 tussi
1527 768 1818 814 mediocriter

174 842 332 888 euasit.
360 841 618 888 Florentiae
642 842 789 888 tribus
813 843 974 889 diebus
993 842 1254 906 quieuimus
1278 859 1383 887 cum
1414 842 1629 888 Patribus
1652 855 1698 889 et
1721 841 1816 888 fra-

174 915 323 962 tribus
339 916 519 973 nostris,
536 929 672 979 atque
689 916 946 962 venerabile
959 927 1295 962 sacramentum
1312 915 1606 962 eucharistiae
1621 917 1818 978 sumpsi-

176 1007 294 1047 mus,
324 1002 370 1037 et
401 1008 563 1037 omnes
593 990 768 1037 fuimus
800 991 904 1037 laeti
929 992 974 1037 in
1004 992 1223 1038 Domino.
1261 991 1333 1037 Μ.
1366 991 1584 1051 Joannes,
1616 993 1821 1038 medicus

175 1081 438 1129 germanUS‚
459 1082 636 1112 necnon
653 1066 749 1111 eius
769 1083 900 1123 uxor,
916 1065 1244 1111 humanissime
1261 1082 1344 1111 nos
1362 1078 1633 1129 receperunt
1653 1069 1683 1124 ²,
1703 1083 1823 1131 quos

177 1138 343 1185 vestris
366 1139 530 1185 sanctis
554 1139 792 1202 praecibus
815 1139 1050 1186 humiliter
1079 1141 1372 1190 commendo.
1400 1140 1582 1187 Deinde
1605 1141 1650 1187 in
1675 1141 1822 1187 tribus

178 1213 340 1260 diebus
369 1213 628 1260 Bononiam
652 1215 964 1277 peruenimus,
992 1231 1211 1278 moreque
1233 1215 1367 1261 solito
1391 1215 1605 1261 valebant
1629 1216 1819 1264 infirmi.

180 1287 317 1334 Pater
340 1299 489 1334 rector
507 1287 523 1312 ³
547 1305 642 1334 non
666 1289 838 1346 aderat,
866 1289 945 1335 sed
978 1289 1138 1335 Patres
1162 1303 1299 1354 atque
1324 1288 1491 1336 fratres
1517 1290 1714 1354 benigne
1740 1308 1823 1336 nos

180 1362 227 1408 in
259 1362 344 1408 X.⁰
371 1374 656 1425 acceperunt.
690 1364 800 1410 Vno
831 1364 906 1411 die
929 1364 990 1410 ibi
1023 1365 1293 1412 mansimus:
1326 1365 1541 1428 pecunias
1569 1365 1822 1412 secundum

180 1436 375 1500 policem
401 1438 667 1500 recepimus.
695 1438 906 1488 Bononia
930 1438 1186 1485 Ferrariam
1212 1456 1373 1503 vsque,
1403 1439 1597 1486 Patrum
1622 1440 1827 1497 consilio,

180 1528 319 1558 curru
343 1528 428 1558 nos
451 1530 484 1571 4
508 1512 734 1570 venimus,
758 1512 961 1559 famulus
990 1530 1096 1559 cum
1128 1530 1263 1577 equo.
1290 1513 1343 1561 P.
1371 1513 1620 1560 Peletarius
1643 1531 1825 1560 omnes-

181 1602 271 1649 que
311 1583 474 1632 fratres
506 1587 706 1633 maxima
741 1603 850 1633 cum
885 1587 1103 1633 charitate
1136 1604 1220 1634 nos
1252 1599 1525 1634 tractarunt:
1568 1588 1629 1634 ibi
1664 1605 1859 1634 omnes-

181 1658 374 1706 confessi
399 1677 575 1719 summ,
600 1678 650 1707 ac
676 1662 782 1708 Deo
805 1673 904 1725 opt.
933 1678 1057 1710 max.
1084 1678 1181 1719 nos,
1207 1662 1471 1725 accipiendo
1494 1679 1630 1708 suum
1657 1663 1829 1726 pretio-

184 1734 414 1781 sissimum
438 1752 619 1798 corpus,
644 1737 1090 1784 commendauimus.

249 1808 445 1872 Insuper
469 1810 757 1856 ascendimus
780 1827 963 1869 nauem,
990 1809 1192 1857 famulus
1215 1827 1354 1874 super
1371 1828 1545 1875 equum
1573 1812 1826 1858 Mantuam

187 1901 362 1930 versus:
391 1885 566 1931 mulam
591 1885 652 1931 ibi
678 1886 876 1949 reperire
901 1902 993 1932 non
1017 1886 1273 1949 potuimus,
1293 1886 1372 1932 sed
1391 1902 1535 1950 equos
1554 1886 1672 1933 duos
1691 1886 1831 1932 naulo

186 1959 458 2023 accepimUS,
485 1976 631 2006 unum
657 1960 856 2021 Jodoco,
881 1960 1076 2007 alterum
1093 1960 1341 2023 Stephano,
1358 1977 1504 2025 vsque
1527 1960 1829 2018 Tridentum,

187 2045 233 2080 et
256 2033 441 2081 duobus
466 2035 628 2081 diebus
651 2035 818 2081 instare
840 2036 982 2082 coacti
1003 2033 1192 2093 fuimus,
1214 2035 1322 2098 quia
1342 2052 1422 2081 nec
1441 2036 1546 2099 equi
1571 2052 1653 2082 nec
1679 2035 1830 2081 mulae

187 2108 555 2167 inueniebantur‚
568 2111 786 2174 quoniam
806 2111 1022 2174 magister
1045 2111 1214 2157 domus
1231 2110 1355 2157 Rmi.
1382 2110 1621 2158 cardinalis
1637 2108 1652 2135 ⁴
1671 2127 1834 2156 omnes

188 2183 384 2229 duxerat
408 2183 453 2229 in
481 2183 718 2247 Ispruche;
743 2185 823 2232 sed
854 2185 899 2232 in
932 2185 1022 2231 fine
1051 2185 1250 2231 emimus
1278 2201 1445 2249 equam
1476 2185 1656 2231 coronis
1689 2199 1717 2246 9
1748 2201 1835 2248 pro

244 2347 258 2375 ¹
315 2351 519 2398 Polancus,
542 2362 598 2389 ex
624 2361 769 2389 comm.
797 2351 868 2388 Sti.
894 2351 1046 2398 Ignatii,
1067 2352 1282 2388 rectoribus
1303 2351 1536 2388 Germaniae
1563 2356 1601 2387 et
1626 2351 1834 2388 Flandriae

190 2413 215 2451 8
240 2412 420 2450 Octobris
443 2422 544 2462 1555
566 2414 663 2450 haec
682 2413 782 2450 inter
802 2414 878 2450 alia
897 2414 1103 2451 scribebat:
1123 2413 1262 2450 «Hisce
1279 2414 1415 2450 diebus
1429 2414 1617 2460 misimus,
1637 2413 1834 2450 valetudi-

192 2477 255 2513 nis
274 2477 413 2523 gratia,
439 2477 494 2514 M.
517 2477 731 2514 Gerardum
756 2476 988 2522 Brassicam,
1013 2476 1334 2521 Dordracensem,
1362 2477 1467 2524 prius
1494 2478 1544 2513 ad
1568 2477 1830 2514 sacerdotium

192 2543 426 2586 promotum,
457 2540 622 2586 patriam
653 2550 798 2577 versus.
833 2539 1014 2590 Misimus
1046 2544 1083 2576 et
1111 2539 1301 2577 Jodocum
1330 2540 1506 2587 Papium,
1531 2540 1837 2590 Brusellensem,

193 2602 336 2650 quibus
363 2603 462 2639 duos
489 2603 651 2639 comites
671 2602 929 2650 adjunximus,
950 2606 1102 2649 praeter
1127 2602 1295 2649 tertium,
1323 2602 1564 2650 Stephanum
1590 2602 1830 2650 Spirensem‚

194 2665 260 2711 qui
287 2665 337 2701 ob
358 2664 535 2701 affectam
555 2665 819 2702 valetudinem
839 2665 976 2712 Spirae
995 2665 1271 2712 relinquendus
1290 2669 1383 2703 erat.
1405 2665 1461 2702 De
1477 2666 1649 2712 ipsorum
1664 2666 1837 2702 adventu

195 2726 379 2764 certiores
398 2727 481 2763 fieri
505 2728 721 2774 cupimus».
752 2723 914 2766 Cartas
937 2724 991 2764 de
1015 2725 1106 2765 San
1131 2723 1325 2777 Ignacio,
1352 2731 1379 2765 t.
1399 2736 1458 2775 VI,
1484 2738 1574 2775 pag.
1594 2738 1686 2775 430,
1706 2728 1836 2775 hispa-

194 2789 293 2835 nice,
314 2799 403 2835 pag.
425 2789 603 2836 3.-Hac
623 2800 716 2826 vero
736 2793 869 2827 nostra
888 2789 1053 2836 epistola
1078 2799 1173 2827 usus
1199 2793 1258 2827 est
1282 2790 1492 2837 POLANCO,
1513 2795 1538 2829 t.
1559 2799 1605 2835 v,
1623 2801 1716 2838 pag.
1742 2791 1836 2841 286,

201 2852 292 2900 287,
312 2862 351 2889 n.
372 2852 461 2898 784.

249 2910 268 2936 ²
320 2913 490 2949 Joannes
510 2913 558 2949 de
575 2913 689 2950 Rossi
715 2917 754 2950 et
779 2913 904 2951 Maria
929 2913 1161 2959 Pantasilea,
1189 2914 1237 2950 de
1263 2914 1418 2961 quibus,
1442 2919 1486 2951 ut
1505 2915 1552 2951 de
1573 2916 1743 2963 antiquis
1764 2915 1838 2952 So-

197 2977 349 3014 cietatis
369 2978 517 3023 amicis,
538 2978 774 3014 mentionem
794 2988 910 3025 saepe
930 2977 1103 3014 fecimus.
1130 2978 1240 3015 Illius
1264 2978 1414 3015 litteras
1441 2979 1490 3015 ad
1517 2978 1730 3016 Polaneum
1755 2979 1838 3016 edi-

195 3038 327 3076 dimus
344 3050 474 3085 supra‚
494 3035 630 3090 Epist.
652 3036 836 3086 Mixtae,
857 3044 883 3077 t.
905 3047 932 3086 1,
952 3050 1042 3087 pag.
1063 3039 1155 3086 488;
1175 3043 1203 3078 t.
1222 3048 1267 3087 11,
1288 3051 1376 3088 pag.
1399 3041 1479 3088 364
1500 3045 1539 3078 et
1557 3042 1651 3088 380.

251 3097 268 3124 ³
323 3101 366 3139 P.
384 3100 415 3137 F
417 3101 616 3138 ranciscus
634 3101 819 3139 Palmius.

253 3158 271 3187 ⁴
324 3163 544 3201 cardinalis
563 3164 796 3203 tridentinus
817 3168 899 3201 erat
918 3163 1220 3211 Christophorus
1239 3164 1488 3202 Madruccius
1508 3164 1758 3213 (Madruzzi).

327 3242 505 3274 Eas-rou:
526 3244 685 3283 Min-Ax,
707 3254 791 3277 Tou.
814 3255 847 3276 v,
1697 3252 1716 3285 7
