2008 3510
302 272 379 323 482
771 271 1009 309 EPISTOLAE
1037 271 1281 311 Mutua—1
1292 286 1365 324 199

252 378 487 440 losophico
512 377 665 423 studio
690 377 868 424 dedere.
901 378 1036 440 Opus
1068 389 1221 425 autem
1253 391 1367 426 esset
1397 380 1442 426 in
1476 380 1559 427 hac
1591 382 1885 428 uniuersitate

249 453 293 498 in
321 452 395 498 tali
420 451 612 514 collegio
638 451 802 497 habere
826 451 1002 515 aliquos
1027 453 1071 498 in
1096 453 1384 517 philosophia
1414 454 1748 518 aliquantulum
1780 473 1883 503 uer—

250 537 382 582 satos‚
407 526 484 589 qui
511 536 557 571 et
580 536 698 571 artes
723 526 908 582 docere,
933 537 978 571 et
1001 526 1332 589 disputationes
1357 528 1533 590 possint
1550 529 1782 576 sustinere.

314 600 416 646 Nos
440 600 568 663 pauci
596 617 768 658 sumus,
797 617 876 646 nec
910 611 1038 646 tanto
1063 602 1188 646 oneri
1217 601 1499 650 sufficientes.
1536 603 1884 650 Desideraretur

249 675 306 722 ad
330 675 418 721 tale
443 692 560 738 opus
581 675 771 721 idoneus
790 687 996 738 uterque,
1019 675 1340 721 Theodoricus
1367 676 1540 734 Maior,
1561 676 1785 734 videlicet,
1805 694 1883 724 seu

248 750 643 807 amstelredamus,
671 761 716 795 et
739 749 948 795 Canisius
969 749 998 805 ¹,
1024 750 1100 812 qui
1131 750 1327 795 multum
1355 761 1572 812 poterunt
1600 751 1730 796 nobis
1760 753 1806 797 in
1835 769 1886 798 ea

250 823 297 870 re
321 823 573 870 adiumenti
600 823 831 886 praebere.
859 823 1050 869 Vestrae
1075 824 1351 869 reuerentiae
1377 824 1461 870 hoc
1488 824 1789 888 relinquimus
1815 843 1883 871 ar-

250 898 405 955 bitrio;
439 898 620 943 interim
657 910 808 942 tamen
847 897 907 944 R.
942 897 992 943 P.
1028 897 1274 944 Leonardo
1308 898 1584 944 uidebantur
1610 899 1653 944 hi
1686 900 1884 962 petendi,

247 973 374 1036 quod
400 971 510 1018 nulli
538 984 684 1018 essent
712 972 922 1034 aptiores.
948 971 1157 1018 Canisius
1184 989 1396 1032 namque,
1423 985 1600 1036 praeter
1625 975 1884 1020 doctrinam

247 1063 392 1102 suam,
418 1045 554 1091 habet
578 1046 705 1109 quod
731 1045 860 1091 nobis
895 1046 988 1092 sola
1013 1048 1263 1108 praesentia
1294 1047 1434 1108 possit
1468 1048 1699 1110 prodesse;
1735 1061 1886 1111 posset

247 1120 369 1166 enim
395 1120 489 1164 eius
514 1119 739 1165 aduentus
765 1136 855 1164 non
883 1136 1047 1181 parum
1074 1136 1400 1183 neomagenses
1425 1121 1613 1167 reddere
1646 1121 1776 1168 nobis
1807 1122 1885 1168 be—

249 1194 437 1239 neuolos
477 1193 635 1256 magis.
681 1193 884 1239 Oramus
908 1193 964 1239 V.
1011 1194 1068 1238 R.
1105 1206 1156 1239 ut
1181 1194 1262 1240 hac
1306 1194 1351 1239 in
1383 1207 1511 1257 parte
1552 1195 1886 1242 coloniensibus

248 1268 504 1315 subueniat.
531 1267 654 1313 Certi
681 1267 847 1313 etenim
875 1283 1034 1313 sumus
1058 1268 1115 1314 de
1138 1268 1330 1331 collegio
1346 1269 1479 1314 etiam
1503 1269 1631 1315 breui
1657 1269 1884 1327 habendo,

249 1342 293 1387 in
319 1358 412 1404 quo
437 1341 734 1399 instituendo,
761 1341 794 1386 si
822 1358 912 1387 non
940 1342 1267 1404 respondeatur
1285 1343 1341 1389 de
1361 1343 1493 1388 nobis
1510 1357 1756 1406 conceptae
1775 1346 1883 1408 spei,

248 1416 352 1479 plus
376 1416 639 1462 detrimenti
661 1417 779 1473 inde,
800 1434 939 1480 quam
959 1418 1208 1474 commodi,
1227 1418 1395 1464 erimus
1414 1419 1601 1480 passuri.
1623 1419 1738 1464 Tale
1762 1420 1882 1465 enim

247 1490 505 1554 collegium,
533 1491 743 1554 quamuis
768 1491 919 1554 plures
954 1492 1180 1538 desideret
1210 1503 1539 1555 praeceptores,
1567 1509 1681 1556 quos
1714 1493 1758 1539 in
1790 1492 1885 1539 aliis

247 1565 565 1627 conspicimus,
591 1565 727 1611 habet
751 1566 873 1611 enim
899 1565 1138 1628 quodlibet
1161 1565 1406 1629 collegium
1432 1578 1630 1629 quatuor
1648 1579 1726 1612 aut
1752 1567 1884 1630 quin·
1946 1602 1952 1607 .

247 1655 358 1702 que,
383 1639 461 1702 qui
486 1639 823 1702 philosophiam
849 1640 1167 1703 profiteantur,
1192 1652 1238 1686 et
1270 1641 1378 1686 alios
1410 1640 1581 1704 plures,
1613 1642 1690 1705 qui
1723 1641 1885 1687 huma-

247 1713 396 1759 niores
422 1713 573 1759 literas
597 1715 793 1771 tradant3
821 1731 903 1761 nos
928 1726 1099 1773 tamen,
1119 1715 1200 1761 etsi
1227 1715 1375 1778 pauci,
1403 1715 1438 1761 si
1472 1716 1611 1762 modo
1643 1715 1738 1762 duo
1769 1733 1886 1762 onus

249 1798 459 1833 nostrum
492 1787 753 1847 subleuent‚
790 1805 883 1835 non
920 1789 1089 1846 minus,
1114 1790 1259 1835 immo
1283 1789 1400 1852 plus,
1426 1790 1610 1854 reliquis
1641 1790 1886 1837 effecturos

185 1903 188 1906 ⁴
247 1878 497 1924 speramus,
531 1879 756 1909 memores
788 1863 947 1909 missos
982 1881 1063 1910 nos
1100 1881 1209 1921 esse,
1242 1881 1335 1910 non
1366 1864 1423 1910 ad
1455 1864 1693 1923 desidiam,
1718 1865 1797 1912 sed
1827 1866 1885 1912 ad

248 1936 451 2000 grauiter
478 1936 793 1983 laborandum.

313 2009 458 2071 Quod
482 2010 537 2056 ad
565 2010 839 2057 domesticos
864 2022 1044 2057 nostros
1068 2011 1231 2057 attinet
1254 2021 1299 2056 et
1322 2028 1412 2067 eos,
1438 2011 1515 2075 qui
1544 2012 1752 2061 Romam,
1779 2023 1886 2058 sunt
1922 2067 1926 2071 .

247 2084 497 2148 profecturi
523 2085 608 2132 hoc
637 2086 788 2149 primo
814 2103 937 2143 uere,
964 2098 1164 2151 quatuor
1191 2097 1270 2132 aut
1293 2086 1498 2149 quinque
1523 2086 1610 2132 hoc
1630 2103 1784 2132 mense
1804 2087 1886 2133 So-

246 2160 393 2206 cietati
418 2177 464 2206 se
489 2161 796 2209 tradiderunt:
822 2162 931 2217 duo,
952 2161 1133 2224 cognati
1162 2161 1200 2206 F
1203 2161 1386 2207 rancisci
1413 2160 1555 2206 nostri
1588 2160 1834 2207 Hemeroli
1854 2159 1885 2217 ²,

248 2234 452 2297 optimae
486 2235 579 2298 spei
615 2236 800 2281 iuuenes
825 2246 870 2282 et
895 2235 1041 2282 bonae
1075 2235 1254 2291 indolis,
1295 2251 1496 2298 quorum
1538 2234 1650 2280 alter
1686 2233 1882 2299 Louanij

249 2318 352 2354 ante
371 2325 514 2354 annos
538 2308 728 2372 aliquot,
759 2325 863 2355 meo
887 2309 1099 2356 videlicet
1123 2320 1347 2371 tempore,
1374 2308 1608 2370 physicam
1633 2307 1810 2354 audiuit
1840 2307 1886 2354 in

247 2382 460 2428 castrensi
486 2382 786 2445 paedagogio,
808 2382 1012 2443 Joannes
1031 2382 1199 2428 Beckel
1219 2381 1422 2439 nomine,
1442 2381 1806 2439 buscoducensis,
1826 2396 1883 2442 23

248 2473 491 2513 annorum,
535 2457 816 2503 naturalibus
857 2457 970 2503 bene
1010 2457 1195 2503 dotatus
1235 2467 1280 2502 et
1323 2456 1381 2502 ad
1419 2456 1571 2502 studia
1610 2456 1883 2519 aptissimus,

249 2530 426 2576 iuuenis
444 2547 536 2576 non
562 2531 816 2577 admodum
842 2531 1033 2578 domino
1062 2530 1272 2577 Martino
1291 2529 1594 2576 Steuordiano
1611 2530 1656 2576 in
1676 2529 1883 2576 moribus

249 2603 477 2652 absimilis.
509 2606 697 2668 Repetit
717 2623 851 2663 nunc,
877 2623 1008 2670 quae,
1032 2606 1146 2652 dum
1171 2605 1321 2651 aulam
1346 2615 1627 2668 sequeretur,
1659 2604 1879 2651 obliuioni

249 2679 451 2736 tradidit,
475 2679 747 2726 rhetoricam
775 2681 992 2727 nimirum
1020 2691 1065 2726 et
1088 2679 1378 2726 dialecticam.
1408 2678 1521 2735 Hic,
1552 2696 1674 2736 cum,
1705 2695 1762 2725 ex
1790 2695 1881 2742 pa-

304 2822 318 2848 ¹
374 2825 640 2862 Theodericus
656 2826 848 2872 Canisius,
870 2826 943 2863 Bti.
965 2824 1065 2862 Petri
1087 2824 1231 2861 Canisii
1258 2824 1386 2870 frater,
1408 2824 1455 2859 de
1487 2834 1563 2869 quo
1584 2823 1676 2860 alibi
1702 2823 1882 2859 diximus.

248 2886 425 2925 —Alius
439 2898 530 2924 vero
549 2888 825 2932 Theodoricus,
846 2887 1196 2933 amsterdamensis‚
1213 2891 1270 2923 est
1290 2886 1554 2923 Theodoricus
1576 2886 1777 2922 Geeraerts
1792 2884 1884 2933 (Ge-

250 2948 381 2998 rardi).
404 2950 460 2987 De
479 2956 643 2999 utroque
664 2952 743 2998 agit
762 2953 969 2998 POLANCO,
991 2955 1016 2987 t.
1037 2959 1100 2997 v1,
1121 2961 1209 2997 pag.
1231 2961 1322 2995 421,
1343 2960 1379 2986 n.
1405 2949 1518 2996 1813.

303 3008 322 3035 2
378 3013 587 3063 «Francois
606 3015 858 3061 Daghverlies
877 3011 1178 3068 (Hemerollus),
1191 3012 1238 3048 ne
1259 3016 1279 3047 a
1301 3012 1538 3048 Bois-le-duc
1558 3021 1605 3047 en
1623 3018 1738 3058 1535,
1758 3010 1884 3047 admis

251 3071 274 3109 ὲ
294 3074 465 3122 Cologne
487 3088 533 3113 en
557 3086 669 3125 1554,
698 3081 836 3113 morta
863 3077 981 3113 Rome
1009 3086 1056 3112 en
1084 3084 1203 3123 1571,
1230 3077 1279 3112 οὺ
1308 3075 1334 3111 il
1360 3073 1490 3110 faisait
1509 3074 1630 3121 partie
1660 3074 1710 3109 du
1736 3072 1884 3119 college

251 3137 321 3173 des
340 3133 638 3177 Pvenitencier's».
660 3140 895 3186 DELPLACE,
919 3136 1019 3177 ibid.
