2008 3510
740 240 765 279 6
794 242 1059 282 SEPTEMBRIS
1092 251 1193 291 1550
1653 253 1739 302 703-

149 348 372 396 uideatur.
399 347 586 412 Hae[c]
613 359 734 395 certe
757 359 826 395 est
850 347 1043 394 mutatio
1063 347 1248 395 dextere
1271 346 1430 394 excelsi
1452 347 1481 406 ¹,
1500 348 1571 395 cui
1596 348 1783 413 quidem

150 423 261 469 nihil
286 422 564 487 impossibile
589 434 671 470 est.

216 498 303 544 Est
325 509 554 561 praeterea
585 498 783 561 quedam
811 497 985 554 mulier,
1011 497 1228 558 sanguine
1259 496 1441 554 nobilis,
1473 515 1587 562 quae
1612 499 1783 547 multos

149 588 291 617 annos
314 572 523 618 exercitia
547 569 666 628 fecit,
691 571 879 634 singulis
904 570 1064 618 diebus
1086 571 1401 617 eucharistiam
1433 572 1655 630 sumebat,
1681 590 1782 621 ora-

149 646 261 693 tioni
286 658 331 693 et
355 646 637 693 meditationi
668 647 873 693 animum
906 645 1182 704 intendebat,
1216 645 1522 710 operibusque
1553 648 1782 696 charitatis

150 721 403 779 insudabat,
429 722 475 767 in
499 722 666 785 quibus
690 720 876 784 quidem
901 720 961 766 ita
981 719 1134 767 adiuta
1158 717 1260 778 fuit,
1281 731 1332 766 ut
1350 736 1469 767 nunc
1487 721 1558 768 uel
1585 722 1782 769 maxime

150 797 194 842 in
219 797 508 860 probatione,
533 814 624 862 qua
647 796 703 843 ab
727 796 905 859 optimo
929 806 1055 859 patre
1088 794 1325 858 probatur,
1356 797 1583 854 ostendat3
1615 797 1660 843 in
1692 814 1782 861 qua

149 872 210 918 ita
233 889 278 918 se
303 873 391 919 Dei
416 889 545 919 serua
568 872 789 936 patienter
815 870 965 928 habet,
991 880 1042 916 ut
1066 869 1213 916 dicere
1243 881 1398 934 queat:
1426 870 1542 935 Igne
1574 888 1647 918 me
1678 889 1779 919 exa-

149 948 346 1007 minasti,
374 960 419 995 et
444 966 536 995 non
559 959 625 994 est
649 948 835 994 inuenta
866 946 911 992 in
943 962 1015 992 me
1045 945 1257 1009 iniquitas
1276 945 1309 993 ².
1338 946 1472 993 Haec
1497 965 1520 994 a
1544 964 1624 994 sex
1656 965 1783 995 men-

148 1021 272 1068 sibus
296 1021 389 1068 fere
414 1022 544 1086 graui
569 1021 766 1086 quadam
793 1019 1055 1066 infirmitate
1079 1019 1321 1077 detinetur,
1347 1020 1408 1066 ita
1427 1031 1479 1067 ut
1499 1038 1578 1068 nec
1603 1022 1681 1068 diu
1703 1039 1782 1069 nec

149 1107 287 1143 noctu
312 1098 538 1160 quiescere
563 1096 718 1159 possit,
743 1094 896 1141 cibum
925 1111 1014 1139 non
1041 1093 1135 1139 sine
1160 1093 1357 1140 maxima
1382 1094 1649 1142 difficultate
1669 1097 1783 1143 acci-

150 1170 233 1232 pit,
264 1181 309 1216 et
343 1170 574 1216 modicum
607 1169 816 1233 quidem,
848 1166 1084 1214 doloribus
1119 1167 1447 1231 constringitur
1476 1170 1708 1232 perpetuis
1738 1180 1784 1216 et

149 1243 441 1307 grauissimis,
466 1254 512 1290 et
535 1243 596 1290 ob
621 1244 667 1290 id
690 1241 953 1305 saepissime
977 1240 1170 1287 clamare
1193 1241 1496 1304 compellitur.
1521 1243 1701 1290 Tamen
1722 1243 1784 1290 ita

149 1334 254 1364 cum
279 1317 352 1364 illa
377 1329 504 1381 pater
528 1317 599 1364 ille
623 1315 942 1364 consolationis
966 1315 1074 1378 agit,
1099 1325 1151 1361 ut
1174 1315 1218 1361 in
1244 1316 1380 1362 tantis
1399 1317 1525 1363 malis
1550 1335 1649 1364 eam
1674 1335 1783 1365 con-

149 1391 332 1439 soletur.
359 1392 472 1439 Inde
497 1391 564 1450 fit,
590 1408 669 1438 nec
693 1391 829 1438 corde
853 1406 933 1436 nec
957 1406 1036 1435 ore
1059 1406 1084 1435 a
1109 1389 1213 1436 Deo
1237 1406 1320 1436 suo
1351 1392 1593 1450 recesserit,
1620 1409 1782 1440 verum

150 1478 195 1513 et
218 1483 339 1524 eum,
365 1483 457 1512 non
481 1465 608 1512 aliter
626 1481 763 1529 quam
789 1464 1031 1528 patientiae
1049 1463 1284 1527 speculum
1302 1464 1411 1524 Job,
1431 1482 1609 1513 summe
1626 1466 1782 1514 lauda-

149 1540 267 1587 uerit
306 1551 352 1587 et
394 1541 566 1599 laudet,
607 1540 805 1599 inuocet,
848 1550 1078 1603 precetur,
1120 1549 1172 1584 ut
1211 1539 1453 1602 patientiae
1492 1541 1616 1588 dono
1658 1541 1780 1588 illam

149 1614 340 1662 muniat.

215 1688 300 1735 Est
318 1688 482 1735 deinde
499 1681 810 1751 orphanarum
829 1686 970 1744 locus,
991 1704 1130 1750 quem
1149 1687 1364 1734 omnibus
1383 1687 1427 1734 in
1447 1688 1596 1748 rebus,
1613 1689 1780 1754 quibus

147 1779 404 1826 possumus,
430 1763 654 1809 iuuamus.
690 1761 967 1808 Curauimus
998 1762 1293 1818 sacerdotem,
1320 1762 1517 1810 amicum
1550 1775 1781 1823 nostrum,

148 1836 300 1881 virum
324 1836 511 1899 quidem
538 1835 743 1881 moribus
767 1845 812 1881 et
834 1835 1075 1882 christiana
1103 1836 1267 1899 pietate
1292 1837 1571 1900 praeditum,
1603 1838 1648 1884 in
1672 1856 1781 1885 con-

147 1908 364 1956 fessorem
390 1909 474 1956 illis
496 1909 609 1968 dari,
642 1910 718 1973 qui
749 1909 939 1973 quidem
972 1909 1076 1956 satis
1108 1920 1286 1957 nostrae
1316 1909 1425 1958 facit
1455 1913 1780 1976 expectationi;

147 1983 208 2030 ita
230 1983 350 2030 enim
386 1983 430 2029 in
455 2001 509 2030 eo
540 2000 728 2030 munere
759 2001 805 2030 se
829 1983 966 2047 gerit,
997 1995 1049 2030 vt
1080 1983 1189 2030 nihil
1222 1984 1418 2048 amplius
1442 2002 1466 2031 a
1491 1985 1622 2032 nobis
1646 1985 1702 2032 ab
1727 2003 1781 2033 eo

148 2068 348 2121 optetur.
375 2057 488 2104 Non
513 2057 671 2104 tacebo
696 2057 831 2104 etiam
864 2068 1089 2121 quantum
1123 2057 1299 2104 fructus
1330 2069 1375 2105 et
1408 2059 1612 2106 utilitatis
1636 2060 1782 2107 Patris

148 2130 340 2191 Joannis
359 2130 375 2155 ³
399 2131 444 2177 in
469 2130 677 2194 hospitali
704 2130 916 2194 probatio
940 2142 1040 2178 tum
1065 2133 1355 2196 pauperibus,
1381 2144 1482 2180 tum
1507 2136 1589 2181 toti
1610 2135 1781 2182 ciuitati

150 2204 364 2253 attulerit.
391 2205 436 2251 Is
459 2205 580 2251 enim
606 2205 652 2251 in'
675 2222 730 2251 eo
756 2204 856 2251 loco
880 2221 925 2252 se
951 2206 1102 2269 gessit,
1136 2217 1189 2253 ut
1213 2224 1351 2271 quam
1378 2209 1577 2255 maxime
1609 2226 1781 2256 amare-

152 2291 227 2325 tur
257 2297 305 2325 ac
335 2279 510 2326 honore
541 2279 596 2325 ab
627 2279 841 2325 omnibus
870 2280 1144 2340 afficeretur,
1174 2281 1235 2328 ita
1266 2283 1387 2329 enim
1420 2283 1465 2329 in
1496 2283 1782 2331 consolandis
1823 2311 1827 2315 ·

152 2353 343 2400 infirmis
375 2354 527 2418 eisque
561 2354 606 2400 in
643 2354 794 2400 anima
826 2366 871 2400 et
900 2371 1091 2418 corpore
1122 2356 1332 2404 iuuandis
1361 2357 1552 2421 diligens
1581 2369 1698 2416 erat,
1731 2369 1782 2405 ut

153 2428 262 2474 nihil
287 2428 431 2492 magis
456 2429 499 2474 in
524 2445 578 2475 eo
602 2428 956 2486 desideraretur;
981 2440 1027 2475 et
1050 2441 1295 2494 postquam
1328 2448 1383 2477 eo
1414 2431 1613 2478 discessit
1645 2449 1780 2478 suasu

154 2515 323 2561 nostro,
348 2503 481 2550 multi
507 2514 605 2549 tum
632 2503 731 2560 uiri,
757 2514 856 2549 tum
883 2503 1105 2561 mulieres,
1131 2503 1273 2551 almae
1297 2505 1431 2551 huius
1453 2506 1660 2563 ciuitatis,
1679 2523 1780 2552 san-

153 2578 291 2642 guine
315 2577 501 2635 nobiles,
527 2578 672 2640 legem
698 2577 813 2623 inter
836 2593 929 2623 sese
953 2577 1170 2635 tulerunt,
1195 2589 1247 2624 ut
1270 2578 1458 2642 singulis
1480 2579 1780 2626 hebdomadis

154 2652 290 2716 aliqui
315 2669 371 2698 ex
394 2651 499 2714 ipsis
522 2663 567 2697 et
590 2651 867 2697 xenodochia
896 2650 1146 2709 visitarent,
1178 2668 1226 2698 ac
1257 2652 1463 2698 infirmos
1494 2653 1780 2700 consolaren-

155 2737 249 2782 tur,
275 2725 322 2771 id
347 2725 473 2789 quod
498 2724 774 2788 pauperibus
800 2724 977 2771 Vtilitati
1002 2737 1047 2771 et
1076 2726 1371 2773 consolationi
1403 2727 1578 2791 totique
1609 2728 1780 2775 ciuitati

155 2799 425 2847 edificationi
451 2799 675 2845 maximae
700 2799 795 2845 erit.

211 2983 225 3009 ¹
282 2985 347 3023 ΡΞ.
368 2992 513 3030 Lxxw,
533 2995 590 3020 11.

211 3045 227 3071 2
280 3048 345 3085 Ps.
367 3056 456 3093 XVI,
477 3057 513 3093 3.

213 3107 227 3132 ³
285 3110 368 3146 Hic.
390 3110 430 3147 P.
449 3109 618 3145 Joannes
638 3106 718 3145 Bta.
741 3106 997 3145 Bononiensis
1018 3108 1109 3146 alibi
1130 3113 1302 3147 vocatur.
