<?xml version="1.0" encoding="UTF-8"?>
<!DOCTYPE html PUBLIC "-//W3C//DTD XHTML 1.0 Transitional//EN"
    "http://www.w3.org/TR/xhtml1/DTD/xhtml1-transitional.dtd">
<html xmlns="http://www.w3.org/1999/xhtml" xml:lang="en" lang="en">
 <head>
  <title>
</title>
<meta http-equiv="Content-Type" content="text/html;charset=utf-8" />
  <meta name='ocr-system' content='tesseract 3.04.00' />
  <meta name='ocr-capabilities' content='ocr_page ocr_carea ocr_par ocr_line ocrx_word'/>
</head>
<body>
  <div class='ocr_page' id='page_1' title='image "./epistolaemixtaee05matruoft_0778.png"; bbox 0 0 2008 3510; ppageno 0'>
   <div class='ocr_carea' id='block_1_1' title="bbox 318 241 1372 293">
    <p class='ocr_par' dir='ltr' id='par_1_1' title="bbox 318 241 1372 293">
     <span class='ocr_line' id='line_1_1' title="bbox 318 241 1372 293; baseline 0.001 -13"><span class='ocrx_word' id='word_1_1' title='bbox 318 253 391 292; x_wconf 90' lang='lat'>772</span> <span class='ocrx_word' id='word_1_2' title='bbox 783 241 1016 281; x_wconf 79' lang='lat' dir='ltr'>EPISTOLAE</span> <span class='ocrx_word' id='word_1_3' title='bbox 1044 242 1265 280; x_wconf 72' lang='lat' dir='ltr'>M1x’rAE--</span> <span class='ocrx_word' id='word_1_4' title='bbox 1273 252 1290 280; x_wconf 92' lang='lat'>1</span> <span class='ocrx_word' id='word_1_5' title='bbox 1297 253 1372 293; x_wconf 87' lang='lat'>32²</span> 
     </span>
    </p>
   </div>
   <div class='ocr_carea' id='block_1_2' title="bbox 215 346 1898 2796">
    <p class='ocr_par' dir='ltr' id='par_1_2' title="bbox 215 346 1896 925">
     <span class='ocr_line' id='line_1_2' title="bbox 260 346 1892 411; baseline -0.001 -17"><span class='ocrx_word' id='word_1_6' title='bbox 260 347 337 406; x_wconf 92' lang='lat' dir='ltr'>do,</span> <span class='ocrx_word' id='word_1_7' title='bbox 363 363 388 392; x_wconf 91' lang='lat' dir='ltr'>a</span> <span class='ocrx_word' id='word_1_8' title='bbox 411 346 514 410; x_wconf 90' lang='lat' dir='ltr'>quel</span> <span class='ocrx_word' id='word_1_9' title='bbox 539 346 621 392; x_wconf 88' lang='lat' dir='ltr'>che</span> <span class='ocrx_word' id='word_1_10' title='bbox 646 348 786 410; x_wconf 80' lang='lat' dir='ltr'>puote</span> <span class='ocrx_word' id='word_1_11' title='bbox 813 347 1052 406; x_wconf 87' lang='lat' dir='ltr'>intender&#39;,</span> <span class='ocrx_word' id='word_1_12' title='bbox 1077 348 1160 393; x_wconf 89' lang='lat' dir='ltr'>che</span> <span class='ocrx_word' id='word_1_13' title='bbox 1184 347 1317 394; x_wconf 88' lang='lat' dir='ltr'>staria</span> <span class='ocrx_word' id='word_1_14' title='bbox 1341 347 1385 393; x_wconf 91' lang='lat' dir='ltr'>in</span> <span class='ocrx_word' id='word_1_15' title='bbox 1410 364 1508 393; x_wconf 89' lang='lat' dir='ltr'>casa</span> <span class='ocrx_word' id='word_1_16' title='bbox 1527 347 1572 393; x_wconf 90' lang='lat' dir='ltr'>di</span> <span class='ocrx_word' id='word_1_17' title='bbox 1598 346 1744 411; x_wconf 85' lang='lat' dir='ltr'>questi</span> <span class='ocrx_word' id='word_1_18' title='bbox 1771 357 1892 409; x_wconf 87' lang='lat' dir='ltr'>pret—</span> 
     </span>
     <span class='ocr_line' id='line_1_3' title="bbox 260 419 1895 484; baseline -0.001 -18"><span class='ocrx_word' id='word_1_19' title='bbox 260 422 307 478; x_wconf 91' lang='lat' dir='ltr'>ti,</span> <span class='ocrx_word' id='word_1_20' title='bbox 334 438 408 467; x_wconf 89' lang='lat' dir='ltr'>ma</span> <span class='ocrx_word' id='word_1_21' title='bbox 431 420 513 466; x_wconf 92' lang='lat' dir='ltr'>che</span> <span class='ocrx_word' id='word_1_22' title='bbox 537 421 570 466; x_wconf 91' lang='lat' dir='ltr'>si</span> <span class='ocrx_word' id='word_1_23' title='bbox 597 421 804 484; x_wconf 88' lang='lat' dir='ltr'>praticasi</span> <span class='ocrx_word' id='word_1_24' title='bbox 830 422 874 467; x_wconf 91' lang='lat' dir='ltr'>in</span> <span class='ocrx_word' id='word_1_25' title='bbox 898 439 997 468; x_wconf 89' lang='lat' dir='ltr'>casa</span> <span class='ocrx_word' id='word_1_26' title='bbox 1020 422 1102 468; x_wconf 90' lang='lat' dir='ltr'>che</span> <span class='ocrx_word' id='word_1_27' title='bbox 1128 422 1154 467; x_wconf 92' lang='lat' dir='ltr'>l&#39;</span> <span class='ocrx_word' id='word_1_28' title='bbox 1177 421 1416 467; x_wconf 86' lang='lat' dir='ltr'>aiutasimo</span> <span class='ocrx_word' id='word_1_29' title='bbox 1440 421 1485 467; x_wconf 91' lang='lat' dir='ltr'>in</span> <span class='ocrx_word' id='word_1_30' title='bbox 1512 421 1694 484; x_wconf 88' lang='lat' dir='ltr'>spirito,</span> <span class='ocrx_word' id='word_1_31' title='bbox 1719 431 1800 466; x_wconf 90' lang='lat' dir='ltr'>etc.</span> <span class='ocrx_word' id='word_1_32' title='bbox 1825 419 1895 479; x_wconf 92' lang='lat' dir='ltr'>Io,</span> 
     </span>
     <span class='ocr_line' id='line_1_4' title="bbox 215 483 1896 559; baseline 0 -18"><span class='ocrx_word' id='word_1_33' title='bbox 215 501 222 509; x_wconf 80' lang='grc'><em>’</em></span> <span class='ocrx_word' id='word_1_34' title='bbox 260 512 351 541; x_wconf 87' lang='grc'><strong>11011</strong></span> <span class='ocrx_word' id='word_1_35' title='bbox 383 496 661 542; x_wconf 88' lang='lat' dir='ltr'>intendendo</span> <span class='ocrx_word' id='word_1_36' title='bbox 693 495 780 541; x_wconf 93' lang='lat' dir='ltr'>ben</span> <span class='ocrx_word' id='word_1_37' title='bbox 814 496 853 541; x_wconf 86' lang='lat' dir='ltr'>la</span> <span class='ocrx_word' id='word_1_38' title='bbox 883 513 1000 553; x_wconf 81' lang='lat' dir='ltr'>cosa,</span> <span class='ocrx_word' id='word_1_39' title='bbox 1032 497 1147 542; x_wconf 89' lang='lat' dir='ltr'>disse</span> <span class='ocrx_word' id='word_1_40' title='bbox 1178 497 1259 542; x_wconf 91' lang='lat' dir='ltr'>che</span> <span class='ocrx_word' id='word_1_41' title='bbox 1301 495 1492 541; x_wconf 87' lang='lat' dir='ltr'>fariamo</span> <span class='ocrx_word' id='word_1_42' title='bbox 1533 507 1707 559; x_wconf 88' lang='lat' dir='ltr'>quanto</span> <span class='ocrx_word' id='word_1_43' title='bbox 1737 494 1777 541; x_wconf 91' lang='lat' dir='ltr'>S.</span> <span class='ocrx_word' id='word_1_44' title='bbox 1812 483 1853 541; x_wconf 84' lang='lat' dir='ltr'>S.</span> <span class='ocrx_word' id='word_1_45' title='bbox 1867 494 1896 524; x_wconf 72' lang='lat'>³²</span> 
     </span>
     <span class='ocr_line' id='line_1_5' title="bbox 258 569 1893 633; baseline -0.001 -17"><span class='ocrx_word' id='word_1_46' title='bbox 258 569 604 616; x_wconf 88' lang='lat' dir='ltr'>commandaua.</span> <span class='ocrx_word' id='word_1_47' title='bbox 632 570 789 616; x_wconf 89' lang='lat' dir='ltr'>Adeso</span> <span class='ocrx_word' id='word_1_48' title='bbox 817 587 892 616; x_wconf 87' lang='lat' dir='ltr'>mo</span> <span class='ocrx_word' id='word_1_49' title='bbox 916 570 944 616; x_wconf 90' lang='lat' dir='ltr'>il</span> <span class='ocrx_word' id='word_1_50' title='bbox 971 570 1152 633; x_wconf 84' lang='lat' dir='ltr'>giouen’</span> <span class='ocrx_word' id='word_1_51' title='bbox 1174 571 1198 616; x_wconf 77' lang='grc'><strong>6</strong></span> <span class='ocrx_word' id='word_1_52' title='bbox 1227 582 1396 617; x_wconf 89' lang='lat' dir='ltr'>uenuto</span> <span class='ocrx_word' id='word_1_53' title='bbox 1421 571 1480 617; x_wconf 85' lang='lat' dir='ltr'>da</span> <span class='ocrx_word' id='word_1_54' title='bbox 1513 571 1666 616; x_wconf 91' lang='lat' dir='ltr'>Roma</span> <span class='ocrx_word' id='word_1_55' title='bbox 1689 586 1777 616; x_wconf 91' lang='lat' dir='ltr'>con</span> <span class='ocrx_word' id='word_1_56' title='bbox 1812 569 1893 615; x_wconf 88' lang='lat' dir='ltr'>let·</span> 
     </span>
     <span class='ocr_line' id='line_1_6' title="bbox 258 643 1893 709; baseline 0 -19"><span class='ocrx_word' id='word_1_57' title='bbox 258 655 352 691; x_wconf 90' lang='lat' dir='ltr'>tere</span> <span class='ocrx_word' id='word_1_58' title='bbox 375 644 437 691; x_wconf 90' lang='lat' dir='ltr'>dil</span> <span class='ocrx_word' id='word_1_59' title='bbox 463 645 659 690; x_wconf 85' lang='lat' dir='ltr'><strong>cardinal</strong></span> <span class='ocrx_word' id='word_1_60' title='bbox 679 662 703 690; x_wconf 89' lang='lat' dir='ltr'>a</span> <span class='ocrx_word' id='word_1_61' title='bbox 720 645 988 709; x_wconf 79' lang='lat' dir='ltr'>monsignor</span> <span class='ocrx_word' id='word_1_62' title='bbox 1011 646 1067 691; x_wconf 90' lang='lat' dir='ltr'>de</span> <span class='ocrx_word' id='word_1_63' title='bbox 1092 645 1569 702; x_wconf 86' lang='lat' dir='ltr'>raccommandation&#39;,</span> <span class='ocrx_word' id='word_1_64' title='bbox 1588 661 1674 691; x_wconf 92' lang='lat' dir='ltr'>con</span> <span class='ocrx_word' id='word_1_65' title='bbox 1700 643 1812 690; x_wconf 89' lang='lat' dir='ltr'>altre</span> <span class='ocrx_word' id='word_1_66' title='bbox 1836 644 1893 690; x_wconf 92' lang='lat' dir='ltr'>de</span> 
     </span>
     <span class='ocr_line' id='line_1_7' title="bbox 257 718 1892 784; baseline -0.001 -18"><span class='ocrx_word' id='word_1_67' title='bbox 257 720 434 766; x_wconf 89' lang='lat' dir='ltr'>diuerse</span> <span class='ocrx_word' id='word_1_68' title='bbox 459 736 665 782; x_wconf 83' lang='lat' dir='ltr'>persone,</span> <span class='ocrx_word' id='word_1_69' title='bbox 692 718 760 766; x_wconf 89' lang='lat' dir='ltr'>fra</span> <span class='ocrx_word' id='word_1_70' title='bbox 785 720 822 766; x_wconf 89' lang='lat' dir='ltr'>le</span> <span class='ocrx_word' id='word_1_71' title='bbox 847 719 995 784; x_wconf 83' lang='lat' dir='ltr'>qualle</span> <span class='ocrx_word' id='word_1_72' title='bbox 1021 720 1063 765; x_wconf 91' lang='lat' dir='ltr'>ui</span> <span class='ocrx_word' id='word_1_73' title='bbox 1091 721 1114 766; x_wconf 80' lang='grc' dir='ltr'>ὲ</span> <span class='ocrx_word' id='word_1_74' title='bbox 1140 737 1230 766; x_wconf 88' lang='lat' dir='ltr'>una</span> <span class='ocrx_word' id='word_1_75' title='bbox 1253 720 1298 766; x_wconf 93' lang='lat' dir='ltr'>di</span> <span class='ocrx_word' id='word_1_76' title='bbox 1331 719 1446 766; x_wconf 86' lang='lat' dir='ltr'>frate</span> <span class='ocrx_word' id='word_1_77' title='bbox 1470 719 1752 783; x_wconf 77' lang='lat' dir='ltr'>Augustino,</span> <span class='ocrx_word' id='word_1_78' title='bbox 1786 734 1892 782; x_wconf 83' lang='lat' dir='ltr'>pre-</span> 
     </span>
     <span class='ocr_line' id='line_1_8' title="bbox 257 793 1894 858; baseline 0 -19"><span class='ocrx_word' id='word_1_79' title='bbox 257 793 457 857; x_wconf 88' lang='lat' dir='ltr'>gandolo</span> <span class='ocrx_word' id='word_1_80' title='bbox 481 793 563 839; x_wconf 89' lang='lat' dir='ltr'>che</span> <span class='ocrx_word' id='word_1_81' title='bbox 587 794 712 857; x_wconf 86' lang='lat' dir='ltr'>uogli</span> <span class='ocrx_word' id='word_1_82' title='bbox 739 795 857 840; x_wconf 86' lang='lat' dir='ltr'>usar’</span> <span class='ocrx_word' id='word_1_83' title='bbox 878 795 922 841; x_wconf 93' lang='lat' dir='ltr'>di</span> <span class='ocrx_word' id='word_1_84' title='bbox 955 794 994 840; x_wconf 92' lang='grc'>13</span> <span class='ocrx_word' id='word_1_85' title='bbox 1020 810 1100 840; x_wconf 89' lang='lat' dir='ltr'>sua</span> <span class='ocrx_word' id='word_1_86' title='bbox 1131 795 1261 841; x_wconf 85' lang='lat' dir='ltr'>solita</span> <span class='ocrx_word' id='word_1_87' title='bbox 1284 795 1456 841; x_wconf 76' lang='lat' dir='ltr'>charita</span> <span class='ocrx_word' id='word_1_88' title='bbox 1486 811 1572 841; x_wconf 89' lang='lat' dir='ltr'>con</span> <span class='ocrx_word' id='word_1_89' title='bbox 1610 805 1772 858; x_wconf 88' lang='lat' dir='ltr'>questo</span> <span class='ocrx_word' id='word_1_90' title='bbox 1796 793 1894 857; x_wconf 85' lang='lat' dir='ltr'>gio-</span> 
     </span>
     <span class='ocr_line' id='line_1_9' title="bbox 256 879 525 925; baseline 0.004 -11"><span class='ocrx_word' id='word_1_91' title='bbox 256 885 420 925; x_wconf 90' lang='lat' dir='ltr'>uenne,</span> <span class='ocrx_word' id='word_1_92' title='bbox 441 879 525 915; x_wconf 89' lang='lat' dir='ltr'>etc.</span> 
     </span>
    </p>

    <p class='ocr_par' dir='ltr' id='par_1_3' title="bbox 255 941 1897 2202">
     <span class='ocr_line' id='line_1_10' title="bbox 320 941 1894 1006; baseline -0.001 -17"><span class='ocrx_word' id='word_1_93' title='bbox 320 941 387 989; x_wconf 75' lang='lat' dir='ltr'>Ce</span> <span class='ocrx_word' id='word_1_94' title='bbox 414 943 653 988; x_wconf 90' lang='lat' dir='ltr'>anch&#39;-una</span> <span class='ocrx_word' id='word_1_95' title='bbox 676 943 721 989; x_wconf 92' lang='lat' dir='ltr'>d&#39;</span> <span class='ocrx_word' id='word_1_96' title='bbox 743 960 805 988; x_wconf 92' lang='lat' dir='ltr'>un</span> <span class='ocrx_word' id='word_1_97' title='bbox 830 959 914 989; x_wconf 88' lang='lat' dir='ltr'>suo</span> <span class='ocrx_word' id='word_1_98' title='bbox 946 943 1018 989; x_wconf 91' lang='lat' dir='ltr'>zio</span> <span class='ocrx_word' id='word_1_99' title='bbox 1046 943 1059 968; x_wconf 89' lang='lat'><strong>¹</strong></span> <span class='ocrx_word' id='word_1_100' title='bbox 1084 943 1145 990; x_wconf 84' lang='lat' dir='ltr'>dil</span> <span class='ocrx_word' id='word_1_101' title='bbox 1178 943 1404 1006; x_wconf 89' lang='lat' dir='ltr'>giouenne</span> <span class='ocrx_word' id='word_1_102' title='bbox 1434 959 1515 1005; x_wconf 91' lang='lat' dir='ltr'>per</span> <span class='ocrx_word' id='word_1_103' title='bbox 1549 942 1624 990; x_wconf 88' lang='lat' dir='ltr'>M.</span> <span class='ocrx_word' id='word_1_104' title='bbox 1655 942 1748 988; x_wconf 93' lang='lat' dir='ltr'>don</span> <span class='ocrx_word' id='word_1_105' title='bbox 1774 941 1894 988; x_wconf 89' lang='lat' dir='ltr'>Ber-</span> 
     </span>
     <span class='ocr_line' id='line_1_11' title="bbox 257 1016 1894 1079; baseline 0 -17"><span class='ocrx_word' id='word_1_106' title='bbox 257 1017 464 1075; x_wconf 89' lang='lat' dir='ltr'>nardino,</span> <span class='ocrx_word' id='word_1_107' title='bbox 491 1017 612 1063; x_wconf 93' lang='lat' dir='ltr'>doue</span> <span class='ocrx_word' id='word_1_108' title='bbox 637 1016 665 1062; x_wconf 93' lang='lat' dir='ltr'>li</span> <span class='ocrx_word' id='word_1_109' title='bbox 690 1017 748 1063; x_wconf 87' lang='lat' dir='ltr'>da</span> <span class='ocrx_word' id='word_1_110' title='bbox 773 1017 812 1062; x_wconf 87' lang='lat' dir='ltr'>la</span> <span class='ocrx_word' id='word_1_111' title='bbox 835 1034 943 1062; x_wconf 90' lang='lat' dir='ltr'>cura</span> <span class='ocrx_word' id='word_1_112' title='bbox 967 1016 1027 1063; x_wconf 90' lang='lat' dir='ltr'>dil</span> <span class='ocrx_word' id='word_1_113' title='bbox 1062 1034 1145 1062; x_wconf 89' lang='lat' dir='ltr'>suo</span> <span class='ocrx_word' id='word_1_114' title='bbox 1171 1027 1371 1079; x_wconf 83' lang='lat' dir='ltr'>nepotte.</span> <span class='ocrx_word' id='word_1_115' title='bbox 1409 1016 1708 1079; x_wconf 89' lang='lat' dir='ltr'>Monsignor,</span> <span class='ocrx_word' id='word_1_116' title='bbox 1743 1032 1894 1062; x_wconf 88' lang='lat' dir='ltr'>mosso</span> 
     </span>
     <span class='ocr_line' id='line_1_12' title="bbox 256 1090 1895 1155; baseline -0.001 -17"><span class='ocrx_word' id='word_1_117' title='bbox 256 1108 336 1155; x_wconf 89' lang='lat' dir='ltr'>per</span> <span class='ocrx_word' id='word_1_118' title='bbox 362 1091 400 1137; x_wconf 88' lang='lat' dir='ltr'>la</span> <span class='ocrx_word' id='word_1_119' title='bbox 427 1091 583 1137; x_wconf 89' lang='lat' dir='ltr'>lettera</span> <span class='ocrx_word' id='word_1_120' title='bbox 608 1091 669 1138; x_wconf 91' lang='lat' dir='ltr'>dil</span> <span class='ocrx_word' id='word_1_121' title='bbox 695 1092 906 1148; x_wconf 84' lang='lat' dir='ltr'>cardinal,</span> <span class='ocrx_word' id='word_1_122' title='bbox 933 1092 971 1138; x_wconf 86' lang='lat' dir='ltr'>ci</span> <span class='ocrx_word' id='word_1_123' title='bbox 998 1092 1038 1137; x_wconf 91' lang='grc'>13</span> <span class='ocrx_word' id='word_1_124' title='bbox 1064 1092 1234 1138; x_wconf 75' lang='lat' dir='ltr'>mando</span> <span class='ocrx_word' id='word_1_125' title='bbox 1260 1109 1284 1137; x_wconf 89' lang='lat' dir='ltr'>a</span> <span class='ocrx_word' id='word_1_126' title='bbox 1305 1090 1530 1147; x_wconf 89' lang='lat' dir='ltr'>mostrar’,</span> <span class='ocrx_word' id='word_1_127' title='bbox 1556 1101 1601 1136; x_wconf 93' lang='lat' dir='ltr'>et</span> <span class='ocrx_word' id='word_1_128' title='bbox 1624 1090 1749 1153; x_wconf 91' lang='lat' dir='ltr'>dipoi</span> <span class='ocrx_word' id='word_1_129' title='bbox 1775 1090 1813 1136; x_wconf 94' lang='lat' dir='ltr'>ci</span> <span class='ocrx_word' id='word_1_130' title='bbox 1838 1090 1895 1136; x_wconf 88' lang='lat' dir='ltr'>ha</span> 
     </span>
     <span class='ocr_line' id='line_1_13' title="bbox 257 1164 1894 1229; baseline -0.001 -17"><span class='ocrx_word' id='word_1_131' title='bbox 257 1167 494 1213; x_wconf 89' lang='lat' dir='ltr'>mandatto</span> <span class='ocrx_word' id='word_1_132' title='bbox 528 1165 558 1212; x_wconf 91' lang='lat' dir='ltr'>il</span> <span class='ocrx_word' id='word_1_133' title='bbox 590 1166 841 1229; x_wconf 85' lang='lat' dir='ltr'>giouenne,</span> <span class='ocrx_word' id='word_1_134' title='bbox 871 1166 1066 1212; x_wconf 89' lang='lat' dir='ltr'>dicendo</span> <span class='ocrx_word' id='word_1_135' title='bbox 1096 1166 1178 1212; x_wconf 93' lang='lat' dir='ltr'>che</span> <span class='ocrx_word' id='word_1_136' title='bbox 1211 1183 1301 1212; x_wconf 90' lang='lat' dir='ltr'>non</span> <span class='ocrx_word' id='word_1_137' title='bbox 1335 1165 1368 1211; x_wconf 91' lang='lat' dir='ltr'>si</span> <span class='ocrx_word' id='word_1_138' title='bbox 1400 1167 1496 1228; x_wconf 78' lang='lat' dir='ltr'>puo</span> <span class='ocrx_word' id='word_1_139' title='bbox 1531 1164 1598 1211; x_wconf 87' lang='lat' dir='ltr'>far</span> <span class='ocrx_word' id='word_1_140' title='bbox 1628 1165 1685 1211; x_wconf 91' lang='lat' dir='ltr'>de</span> <span class='ocrx_word' id='word_1_141' title='bbox 1718 1181 1894 1222; x_wconf 90' lang='lat' dir='ltr'>manco,</span> 
     </span>
     <span class='ocr_line' id='line_1_14' title="bbox 255 1238 1895 1303; baseline -0.001 -17"><span class='ocrx_word' id='word_1_142' title='bbox 255 1241 408 1303; x_wconf 88' lang='lat' dir='ltr'>perch’</span> <span class='ocrx_word' id='word_1_143' title='bbox 430 1240 458 1286; x_wconf 94' lang='lat' dir='ltr'>il</span> <span class='ocrx_word' id='word_1_144' title='bbox 484 1239 681 1286; x_wconf 87' lang='lat' dir='ltr'>cardinal</span> <span class='ocrx_word' id='word_1_145' title='bbox 706 1239 735 1285; x_wconf 91' lang='lat' dir='ltr'>l’</span> <span class='ocrx_word' id='word_1_146' title='bbox 755 1240 812 1286; x_wconf 89' lang='lat' dir='ltr'>ha</span> <span class='ocrx_word' id='word_1_147' title='bbox 845 1240 1282 1297; x_wconf 87' lang='lat' dir='ltr'>raccommandatto,</span> <span class='ocrx_word' id='word_1_148' title='bbox 1306 1250 1360 1285; x_wconf 76' lang='lat' dir='ltr'>,et</span> <span class='ocrx_word' id='word_1_149' title='bbox 1383 1240 1464 1286; x_wconf 93' lang='lat' dir='ltr'>che</span> <span class='ocrx_word' id='word_1_150' title='bbox 1496 1239 1539 1284; x_wconf 95' lang='grc'>10</span> <span class='ocrx_word' id='word_1_151' title='bbox 1570 1238 1803 1302; x_wconf 87' lang='lat' dir='ltr'>uogliamo</span> <span class='ocrx_word' id='word_1_152' title='bbox 1828 1250 1895 1285; x_wconf 90' lang='lat' dir='ltr'>te-</span> 
     </span>
     <span class='ocr_line' id='line_1_15' title="bbox 256 1313 1896 1378; baseline -0.001 -17"><span class='ocrx_word' id='word_1_153' title='bbox 256 1315 372 1378; x_wconf 89' lang='lat' dir='ltr'>gnir&#39;</span> <span class='ocrx_word' id='word_1_154' title='bbox 393 1315 437 1361; x_wconf 91' lang='lat' dir='ltr'>in</span> <span class='ocrx_word' id='word_1_155' title='bbox 462 1332 561 1361; x_wconf 87' lang='lat' dir='ltr'>casa</span> <span class='ocrx_word' id='word_1_156' title='bbox 586 1332 717 1361; x_wconf 91' lang='lat' dir='ltr'>come</span> <span class='ocrx_word' id='word_1_157' title='bbox 745 1332 805 1360; x_wconf 90' lang='lat' dir='ltr'>un</span> <span class='ocrx_word' id='word_1_158' title='bbox 830 1315 876 1361; x_wconf 90' lang='lat' dir='ltr'>di</span> <span class='ocrx_word' id='word_1_159' title='bbox 905 1315 996 1374; x_wconf 87' lang='lat' dir='ltr'>noi,</span> <span class='ocrx_word' id='word_1_160' title='bbox 1023 1326 1068 1361; x_wconf 91' lang='lat' dir='ltr'>et</span> <span class='ocrx_word' id='word_1_161' title='bbox 1093 1315 1301 1361; x_wconf 88' lang='lat' dir='ltr'>trattarlo</span> <span class='ocrx_word' id='word_1_162' title='bbox 1320 1331 1406 1360; x_wconf 92' lang='lat' dir='ltr'>con</span> <span class='ocrx_word' id='word_1_163' title='bbox 1431 1325 1549 1360; x_wconf 90' lang='lat' dir='ltr'>tutte</span> <span class='ocrx_word' id='word_1_164' title='bbox 1574 1313 1611 1359; x_wconf 89' lang='lat' dir='ltr'>le</span> <span class='ocrx_word' id='word_1_165' title='bbox 1636 1330 1826 1360; x_wconf 87' lang='lat' dir='ltr'>carezze</span> <span class='ocrx_word' id='word_1_166' title='bbox 1851 1325 1896 1359; x_wconf 89' lang='lat' dir='ltr'>et</span> 
     </span>
     <span class='ocr_line' id='line_1_16' title="bbox 256 1388 1894 1448; baseline -0.001 -13"><span class='ocrx_word' id='word_1_167' title='bbox 256 1389 356 1435; x_wconf 89' lang='lat' dir='ltr'>altri</span> <span class='ocrx_word' id='word_1_168' title='bbox 383 1389 509 1436; x_wconf 86' lang='lat' dir='ltr'>modi</span> <span class='ocrx_word' id='word_1_169' title='bbox 534 1389 615 1435; x_wconf 89' lang='lat' dir='ltr'>che</span> <span class='ocrx_word' id='word_1_170' title='bbox 641 1389 820 1436; x_wconf 84' lang='lat' dir='ltr'>ciascun</span> <span class='ocrx_word' id='word_1_171' title='bbox 842 1390 929 1436; x_wconf 86' lang='lat' dir='ltr'>del’</span> <span class='ocrx_word' id='word_1_172' title='bbox 951 1390 1050 1436; x_wconf 88' lang='lat' dir='ltr'>altri</span> <span class='ocrx_word' id='word_1_173' title='bbox 1078 1390 1102 1436; x_wconf 77' lang='grc' dir='ltr'>ἐ</span> <span class='ocrx_word' id='word_1_174' title='bbox 1124 1401 1327 1448; x_wconf 76' lang='grc'><strong>11311310,</strong></span> <span class='ocrx_word' id='word_1_175' title='bbox 1347 1406 1432 1436; x_wconf 88' lang='grc'><strong>6011</strong></span> <span class='ocrx_word' id='word_1_176' title='bbox 1459 1388 1684 1435; x_wconf 91' lang='lat' dir='ltr'>intention</span> <span class='ocrx_word' id='word_1_177' title='bbox 1709 1389 1894 1435; x_wconf 89' lang='lat' dir='ltr'>anchor&#39;</span> 
     </span>
     <span class='ocr_line' id='line_1_17' title="bbox 255 1462 1895 1528; baseline -0.001 -18"><span class='ocrx_word' id='word_1_178' title='bbox 255 1464 337 1510; x_wconf 91' lang='lat' dir='ltr'>che</span> <span class='ocrx_word' id='word_1_179' title='bbox 374 1464 524 1527; x_wconf 87' lang='lat' dir='ltr'>potria</span> <span class='ocrx_word' id='word_1_180' title='bbox 552 1464 684 1510; x_wconf 90' lang='lat' dir='ltr'>esser&#39;</span> <span class='ocrx_word' id='word_1_181' title='bbox 706 1464 822 1511; x_wconf 89' lang='lat' dir='ltr'>della</span> <span class='ocrx_word' id='word_1_182' title='bbox 857 1465 1160 1528; x_wconf 83' lang='lat' dir='ltr'>Compagnia.</span> <span class='ocrx_word' id='word_1_183' title='bbox 1196 1464 1374 1526; x_wconf 70' lang='lat' dir='ltr'>Questa</span> <span class='ocrx_word' id='word_1_184' title='bbox 1409 1480 1532 1521; x_wconf 89' lang='lat' dir='ltr'>cosa,</span> <span class='ocrx_word' id='word_1_185' title='bbox 1568 1480 1659 1508; x_wconf 90' lang='lat' dir='ltr'>non</span> <span class='ocrx_word' id='word_1_186' title='bbox 1692 1462 1895 1525; x_wconf 91' lang='lat' dir='ltr'>potendo</span> 
     </span>
     <span class='ocr_line' id='line_1_18' title="bbox 256 1537 1894 1602; baseline -0.001 -18"><span class='ocrx_word' id='word_1_187' title='bbox 256 1537 475 1597; x_wconf 87' lang='lat' dir='ltr'>rifutarla,</span> <span class='ocrx_word' id='word_1_188' title='bbox 504 1539 566 1584; x_wconf 91' lang='lat' dir='ltr'>mi</span> <span class='ocrx_word' id='word_1_189' title='bbox 591 1539 648 1585; x_wconf 91' lang='lat' dir='ltr'>he</span> <span class='ocrx_word' id='word_1_190' title='bbox 671 1550 805 1585; x_wconf 87' lang='lat' dir='ltr'>statta</span> <span class='ocrx_word' id='word_1_191' title='bbox 834 1539 895 1602; x_wconf 76' lang='lat' dir='ltr'>(si</span> <span class='ocrx_word' id='word_1_192' title='bbox 921 1555 1050 1585; x_wconf 89' lang='lat' dir='ltr'>come</span> <span class='ocrx_word' id='word_1_193' title='bbox 1084 1539 1123 1584; x_wconf 90' lang='grc'>13</span> <span class='ocrx_word' id='word_1_194' title='bbox 1148 1539 1206 1585; x_wconf 92' lang='lat' dir='ltr'>R.</span> <span class='ocrx_word' id='word_1_195' title='bbox 1236 1539 1292 1585; x_wconf 90' lang='lat' dir='ltr'>V.</span> <span class='ocrx_word' id='word_1_196' title='bbox 1320 1540 1414 1601; x_wconf 76' lang='lat' dir='ltr'>puo</span> <span class='ocrx_word' id='word_1_197' title='bbox 1446 1537 1646 1600; x_wconf 90' lang='lat' dir='ltr'>pensar&#39;)</span> <span class='ocrx_word' id='word_1_198' title='bbox 1681 1537 1726 1583; x_wconf 88' lang='lat' dir='ltr'>di</span> <span class='ocrx_word' id='word_1_199' title='bbox 1754 1553 1894 1600; x_wconf 86' lang='lat' dir='ltr'>gran-</span> 
     </span>
     <span class='ocr_line' id='line_1_19' title="bbox 256 1611 1892 1677; baseline -0.001 -18"><span class='ocrx_word' id='word_1_200' title='bbox 256 1613 443 1660; x_wconf 88' lang='lat' dir='ltr'>dissimo</span> <span class='ocrx_word' id='word_1_201' title='bbox 467 1614 686 1676; x_wconf 88' lang='lat' dir='ltr'>dispiacer</span> <span class='ocrx_word' id='word_1_202' title='bbox 705 1613 740 1671; x_wconf 76' lang='grc'>2;</span> <span class='ocrx_word' id='word_1_203' title='bbox 768 1615 933 1677; x_wconf 89' lang='lat' dir='ltr'>primo,</span> <span class='ocrx_word' id='word_1_204' title='bbox 960 1632 1040 1677; x_wconf 87' lang='lat' dir='ltr'>per</span> <span class='ocrx_word' id='word_1_205' title='bbox 1070 1614 1224 1660; x_wconf 90' lang='lat' dir='ltr'>hauer&#39;</span> <span class='ocrx_word' id='word_1_206' title='bbox 1246 1614 1302 1659; x_wconf 87' lang='lat' dir='ltr'>de</span> <span class='ocrx_word' id='word_1_207' title='bbox 1346 1614 1487 1659; x_wconf 91' lang='lat' dir='ltr'>tener&#39;</span> <span class='ocrx_word' id='word_1_208' title='bbox 1508 1612 1553 1659; x_wconf 89' lang='lat' dir='ltr'>in</span> <span class='ocrx_word' id='word_1_209' title='bbox 1590 1629 1688 1658; x_wconf 86' lang='lat' dir='ltr'>casa</span> <span class='ocrx_word' id='word_1_210' title='bbox 1727 1629 1840 1669; x_wconf 87' lang='lat' dir='ltr'>uno,</span> <span class='ocrx_word' id='word_1_211' title='bbox 1866 1611 1892 1657; x_wconf 92' lang='lat' dir='ltr'>il</span> 
     </span>
     <span class='ocr_line' id='line_1_20' title="bbox 256 1686 1896 1751; baseline -0.001 -18"><span class='ocrx_word' id='word_1_212' title='bbox 256 1688 404 1751; x_wconf 87' lang='lat' dir='ltr'>qualle</span> <span class='ocrx_word' id='word_1_213' title='bbox 429 1705 520 1734; x_wconf 91' lang='lat' dir='ltr'>non</span> <span class='ocrx_word' id='word_1_214' title='bbox 545 1705 863 1751; x_wconf 87' lang='lat' dir='ltr'>cognoscamo,</span> <span class='ocrx_word' id='word_1_215' title='bbox 889 1689 945 1734; x_wconf 91' lang='lat' dir='ltr'>de</span> <span class='ocrx_word' id='word_1_216' title='bbox 983 1689 1162 1735; x_wconf 89' lang='lat' dir='ltr'>diuersa</span> <span class='ocrx_word' id='word_1_217' title='bbox 1191 1686 1476 1751; x_wconf 85' lang='lat' dir='ltr'>profession&#39;,</span> <span class='ocrx_word' id='word_1_218' title='bbox 1504 1686 1618 1732; x_wconf 84' lang='lat' dir='ltr'>nella</span> <span class='ocrx_word' id='word_1_219' title='bbox 1644 1686 1896 1733; x_wconf 89' lang='lat' dir='ltr'>medesima</span> 
     </span>
     <span class='ocr_line' id='line_1_21' title="bbox 256 1762 1897 1827; baseline -0.001 -19"><span class='ocrx_word' id='word_1_220' title='bbox 256 1763 422 1819; x_wconf 90' lang='lat' dir='ltr'>tauola,</span> <span class='ocrx_word' id='word_1_221' title='bbox 450 1763 520 1809; x_wconf 90' lang='lat' dir='ltr'>nel</span> <span class='ocrx_word' id='word_1_222' title='bbox 547 1763 772 1827; x_wconf 83' lang='lat' dir='ltr'>ragionar’</span> <span class='ocrx_word' id='word_1_223' title='bbox 796 1775 840 1809; x_wconf 87' lang='lat' dir='ltr'>et</span> <span class='ocrx_word' id='word_1_224' title='bbox 864 1763 970 1810; x_wconf 89' lang='lat' dir='ltr'>tutt&#39;</span> <span class='ocrx_word' id='word_1_225' title='bbox 990 1764 1089 1810; x_wconf 89' lang='lat' dir='ltr'>altri</span> <span class='ocrx_word' id='word_1_226' title='bbox 1115 1763 1295 1827; x_wconf 87' lang='lat' dir='ltr'>bisogni</span> <span class='ocrx_word' id='word_1_227' title='bbox 1328 1764 1372 1809; x_wconf 91' lang='lat' dir='ltr'>di</span> <span class='ocrx_word' id='word_1_228' title='bbox 1398 1779 1512 1819; x_wconf 87' lang='lat' dir='ltr'>casa,</span> <span class='ocrx_word' id='word_1_229' title='bbox 1544 1773 1589 1808; x_wconf 88' lang='lat' dir='ltr'>et</span> <span class='ocrx_word' id='word_1_230' title='bbox 1618 1762 1717 1819; x_wconf 89' lang='grc'><strong>6116,</strong></span> <span class='ocrx_word' id='word_1_231' title='bbox 1749 1762 1782 1807; x_wconf 93' lang='lat' dir='ltr'>si</span> <span class='ocrx_word' id='word_1_232' title='bbox 1815 1778 1897 1825; x_wconf 87' lang='lat' dir='ltr'>per</span> 
     </span>
     <span class='ocr_line' id='line_1_22' title="bbox 257 1837 1893 1901; baseline 0 -19"><span class='ocrx_word' id='word_1_233' title='bbox 257 1848 378 1883; x_wconf 83' lang='lat' dir='ltr'>sorte</span> <span class='ocrx_word' id='word_1_234' title='bbox 402 1837 436 1883; x_wconf 92' lang='lat' dir='ltr'>si</span> <span class='ocrx_word' id='word_1_235' title='bbox 468 1837 659 1896; x_wconf 87' lang='lat' dir='ltr'>malassi,</span> <span class='ocrx_word' id='word_1_236' title='bbox 692 1837 948 1900; x_wconf 84' lang='lat' dir='ltr'>bisogneria</span> <span class='ocrx_word' id='word_1_237' title='bbox 979 1837 1188 1901; x_wconf 87' lang='lat' dir='ltr'>impedir’</span> <span class='ocrx_word' id='word_1_238' title='bbox 1211 1855 1301 1883; x_wconf 88' lang='lat' dir='ltr'>uno</span> <span class='ocrx_word' id='word_1_239' title='bbox 1333 1837 1415 1883; x_wconf 91' lang='lat' dir='ltr'>che</span> <span class='ocrx_word' id='word_1_240' title='bbox 1446 1837 1595 1883; x_wconf 89' lang='lat' dir='ltr'>studia</span> <span class='ocrx_word' id='word_1_241' title='bbox 1626 1853 1707 1899; x_wconf 85' lang='lat' dir='ltr'>per</span> <span class='ocrx_word' id='word_1_242' title='bbox 1736 1837 1893 1882; x_wconf 88' lang='lat' dir='ltr'>seruir&#39;</span> 
     </span>
     <span class='ocr_line' id='line_1_23' title="bbox 257 1911 1894 1975; baseline 0 -17"><span class='ocrx_word' id='word_1_243' title='bbox 257 1911 296 1957; x_wconf 87' lang='lat' dir='ltr'>al</span> <span class='ocrx_word' id='word_1_244' title='bbox 322 1911 506 1975; x_wconf 82' lang='lat' dir='ltr'>Signor,</span> <span class='ocrx_word' id='word_1_245' title='bbox 534 1929 613 1974; x_wconf 88' lang='lat' dir='ltr'>per</span> <span class='ocrx_word' id='word_1_246' title='bbox 636 1912 857 1958; x_wconf 87' lang='lat' dir='ltr'>attender&#39;</span> <span class='ocrx_word' id='word_1_247' title='bbox 879 1930 903 1958; x_wconf 88' lang='grc'><strong>3</strong></span> <span class='ocrx_word' id='word_1_248' title='bbox 927 1913 1003 1970; x_wconf 87' lang='lat' dir='ltr'>lui,</span> <span class='ocrx_word' id='word_1_249' title='bbox 1034 1913 1116 1958; x_wconf 90' lang='lat' dir='ltr'>che</span> <span class='ocrx_word' id='word_1_250' title='bbox 1144 1930 1234 1958; x_wconf 93' lang='lat' dir='ltr'>non</span> <span class='ocrx_word' id='word_1_251' title='bbox 1259 1912 1294 1958; x_wconf 92' lang='lat' dir='ltr'>si</span> <span class='ocrx_word' id='word_1_252' title='bbox 1319 1929 1365 1958; x_wconf 89' lang='lat' dir='ltr'>sa</span> <span class='ocrx_word' id='word_1_253' title='bbox 1397 1911 1562 1974; x_wconf 78' lang='lat' dir='ltr'>perche</span> <span class='ocrx_word' id='word_1_254' title='bbox 1589 1911 1760 1969; x_wconf 88' lang='lat' dir='ltr'>studia,</span> <span class='ocrx_word' id='word_1_255' title='bbox 1786 1922 1894 1968; x_wconf 89' lang='lat' dir='ltr'>etc.;</span> 
     </span>
     <span class='ocr_line' id='line_1_24' title="bbox 259 1984 1896 2050; baseline -0.001 -18"><span class='ocrx_word' id='word_1_256' title='bbox 259 1991 441 2048; x_wconf 35' lang='lat' dir='ltr'>2.⁰,⁷per</span> <span class='ocrx_word' id='word_1_257' title='bbox 469 1987 600 2032; x_wconf 88' lang='lat' dir='ltr'>esser&#39;</span> <span class='ocrx_word' id='word_1_258' title='bbox 623 1986 858 2032; x_wconf 83' lang='lat' dir='ltr'>mandatto</span> <span class='ocrx_word' id='word_1_259' title='bbox 892 1987 937 2032; x_wconf 93' lang='lat' dir='ltr'>in</span> <span class='ocrx_word' id='word_1_260' title='bbox 972 1993 1178 2050; x_wconf 83' lang='lat' dir='ltr'>gouerno</span> <span class='ocrx_word' id='word_1_261' title='bbox 1203 2005 1227 2033; x_wconf 93' lang='grc'><strong>3</strong></span> <span class='ocrx_word' id='word_1_262' title='bbox 1250 1987 1343 2033; x_wconf 93' lang='lat' dir='ltr'>don</span> <span class='ocrx_word' id='word_1_263' title='bbox 1380 1986 1683 2042; x_wconf 89' lang='lat' dir='ltr'>Bernardino;</span> <span class='ocrx_word' id='word_1_264' title='bbox 1710 1984 1788 2045; x_wconf 84' lang='lat'>3.⁰,</span> <span class='ocrx_word' id='word_1_265' title='bbox 1814 2002 1896 2048; x_wconf 88' lang='lat' dir='ltr'>per</span> 
     </span>
     <span class='ocr_line' id='line_1_25' title="bbox 258 2060 1896 2124; baseline 0.001 -19"><span class='ocrx_word' id='word_1_266' title='bbox 258 2060 388 2106; x_wconf 89' lang='lat' dir='ltr'>esser‘</span> <span class='ocrx_word' id='word_1_267' title='bbox 410 2076 512 2106; x_wconf 87' lang='lat' dir='ltr'>cosa</span> <span class='ocrx_word' id='word_1_268' title='bbox 552 2060 615 2106; x_wconf 91' lang='lat' dir='ltr'>dil</span> <span class='ocrx_word' id='word_1_269' title='bbox 646 2060 898 2118; x_wconf 87' lang='lat' dir='ltr'>Theatino;</span> <span class='ocrx_word' id='word_1_270' title='bbox 930 2060 1008 2120; x_wconf 88' lang='lat'>4.⁰,</span> <span class='ocrx_word' id='word_1_271' title='bbox 1042 2079 1122 2124; x_wconf 91' lang='lat' dir='ltr'>per</span> <span class='ocrx_word' id='word_1_272' title='bbox 1157 2079 1247 2107; x_wconf 90' lang='lat' dir='ltr'>non</span> <span class='ocrx_word' id='word_1_273' title='bbox 1290 2061 1443 2108; x_wconf 88' lang='lat' dir='ltr'>ueder&#39;</span> <span class='ocrx_word' id='word_1_274' title='bbox 1465 2072 1635 2124; x_wconf 88' lang='lat' dir='ltr'>troppo</span> <span class='ocrx_word' id='word_1_275' title='bbox 1672 2077 1896 2124; x_wconf 88' lang='lat' dir='ltr'>speranza</span> 
     </span>
     <span class='ocr_line' id='line_1_26' title="bbox 259 2134 1811 2202; baseline 0.003 -22"><span class='ocrx_word' id='word_1_276' title='bbox 259 2151 340 2197; x_wconf 87' lang='lat' dir='ltr'>per</span> <span class='ocrx_word' id='word_1_277' title='bbox 364 2134 542 2198; x_wconf 89' lang='lat' dir='ltr'>poterlo</span> <span class='ocrx_word' id='word_1_278' title='bbox 566 2135 676 2181; x_wconf 87' lang='lat' dir='ltr'>tirar</span> <span class='ocrx_word' id='word_1_279' title='bbox 700 2153 723 2181; x_wconf 91' lang='lat' dir='ltr'>a</span> <span class='ocrx_word' id='word_1_280' title='bbox 747 2137 878 2181; x_wconf 88' lang='lat' dir='ltr'>esser&#39;</span> <span class='ocrx_word' id='word_1_281' title='bbox 899 2136 1014 2182; x_wconf 83' lang='lat' dir='ltr'>della</span> <span class='ocrx_word' id='word_1_282' title='bbox 1039 2136 1343 2199; x_wconf 83' lang='lat' dir='ltr'>Compagnia.</span> <span class='ocrx_word' id='word_1_283' title='bbox 1806 2199 1811 2202; x_wconf 87' lang='lat'><strong>.</strong></span> 
     </span>
    </p>

    <p class='ocr_par' dir='ltr' id='par_1_4' title="bbox 258 2207 1898 2796">
     <span class='ocr_line' id='line_1_27' title="bbox 326 2207 1894 2273; baseline -0.002 -16"><span class='ocrx_word' id='word_1_284' title='bbox 326 2211 517 2272; x_wconf 72' lang='lat' dir='ltr'>Quanto</span> <span class='ocrx_word' id='word_1_285' title='bbox 542 2228 567 2256; x_wconf 90' lang='lat' dir='ltr'>a</span> <span class='ocrx_word' id='word_1_286' title='bbox 591 2211 685 2256; x_wconf 91' lang='lat' dir='ltr'>don</span> <span class='ocrx_word' id='word_1_287' title='bbox 717 2210 1015 2268; x_wconf 87' lang='lat' dir='ltr'>Bernardino,</span> <span class='ocrx_word' id='word_1_288' title='bbox 1048 2211 1087 2256; x_wconf 91' lang='grc'>13</span> <span class='ocrx_word' id='word_1_289' title='bbox 1117 2211 1175 2258; x_wconf 88' lang='lat' dir='ltr'>R.</span> <span class='ocrx_word' id='word_1_290' title='bbox 1201 2211 1279 2268; x_wconf 87' lang='lat' dir='ltr'>V.,</span> <span class='ocrx_word' id='word_1_291' title='bbox 1311 2211 1470 2273; x_wconf 76' lang='lat' dir='ltr'>sapera</span> <span class='ocrx_word' id='word_1_292' title='bbox 1499 2210 1582 2256; x_wconf 91' lang='lat' dir='ltr'>che</span> <span class='ocrx_word' id='word_1_293' title='bbox 1614 2209 1674 2255; x_wconf 92' lang='lat' dir='ltr'>lui</span> <span class='ocrx_word' id='word_1_294' title='bbox 1700 2210 1724 2255; x_wconf 77' lang='grc' dir='ltr'>ὲ</span> <span class='ocrx_word' id='word_1_295' title='bbox 1750 2207 1894 2255; x_wconf 87' lang='lat' dir='ltr'>molto</span> 
     </span>
     <span class='ocr_line' id='line_1_28' title="bbox 258 2282 1893 2348; baseline -0.001 -19"><span class='ocrx_word' id='word_1_296' title='bbox 258 2284 488 2330; x_wconf 83' lang='lat' dir='ltr'>contrario</span> <span class='ocrx_word' id='word_1_297' title='bbox 507 2301 532 2330; x_wconf 89' lang='lat' dir='ltr'>a</span> <span class='ocrx_word' id='word_1_298' title='bbox 549 2284 658 2330; x_wconf 91' lang='lat' dir='ltr'>duoi</span> <span class='ocrx_word' id='word_1_299' title='bbox 683 2301 799 2342; x_wconf 91' lang='lat' dir='ltr'>cose,</span> <span class='ocrx_word' id='word_1_300' title='bbox 818 2301 897 2347; x_wconf 88' lang='lat' dir='ltr'>per</span> <span class='ocrx_word' id='word_1_301' title='bbox 918 2302 1083 2330; x_wconf 86' lang='lat' dir='ltr'>mezzo</span> <span class='ocrx_word' id='word_1_302' title='bbox 1102 2284 1217 2345; x_wconf 89' lang='lat' dir='ltr'>delle</span> <span class='ocrx_word' id='word_1_303' title='bbox 1236 2284 1384 2348; x_wconf 83' lang='lat' dir='ltr'>qualle</span> <span class='ocrx_word' id='word_1_304' title='bbox 1403 2283 1464 2330; x_wconf 90' lang='lat' dir='ltr'>mi</span> <span class='ocrx_word' id='word_1_305' title='bbox 1490 2284 1586 2346; x_wconf 85' lang='lat' dir='ltr'>par&#39;</span> <span class='ocrx_word' id='word_1_306' title='bbox 1606 2282 1695 2328; x_wconf 91' lang='lat' dir='ltr'>chil</span> <span class='ocrx_word' id='word_1_307' title='bbox 1714 2282 1893 2346; x_wconf 88' lang='lat' dir='ltr'>Signor’</span> 
     </span>
     <span class='ocr_line' id='line_1_29' title="bbox 259 2356 1894 2421; baseline -0.001 -17"><span class='ocrx_word' id='word_1_308' title='bbox 259 2358 293 2404; x_wconf 92' lang='lat' dir='ltr'>si</span> <span class='ocrx_word' id='word_1_309' title='bbox 318 2358 467 2421; x_wconf 84' lang='lat' dir='ltr'>degna</span> <span class='ocrx_word' id='word_1_310' title='bbox 491 2356 573 2403; x_wconf 86' lang='lat' dir='ltr'>far&#39;</span> <span class='ocrx_word' id='word_1_311' title='bbox 591 2374 703 2421; x_wconf 86' lang='lat' dir='ltr'>gran</span> <span class='ocrx_word' id='word_1_312' title='bbox 729 2356 875 2403; x_wconf 89' lang='lat' dir='ltr'>frutto</span> <span class='ocrx_word' id='word_1_313' title='bbox 900 2375 980 2421; x_wconf 90' lang='lat' dir='ltr'>per</span> <span class='ocrx_word' id='word_1_314' title='bbox 999 2358 1306 2404; x_wconf 90' lang='lat' dir='ltr'>instrumento</span> <span class='ocrx_word' id='word_1_315' title='bbox 1330 2357 1446 2404; x_wconf 89' lang='lat' dir='ltr'>della</span> <span class='ocrx_word' id='word_1_316' title='bbox 1471 2357 1775 2420; x_wconf 86' lang='lat' dir='ltr'>Compagnia,</span> <span class='ocrx_word' id='word_1_317' title='bbox 1795 2356 1894 2403; x_wconf 75' lang='lat' dir='ltr'>cioe</span> 
     </span>
     <span class='ocr_line' id='line_1_30' title="bbox 260 2429 1895 2495; baseline -0.001 -18"><span class='ocrx_word' id='word_1_318' title='bbox 260 2431 300 2478; x_wconf 88' lang='lat' dir='ltr'>al</span> <span class='ocrx_word' id='word_1_319' title='bbox 323 2432 670 2478; x_wconf 89' lang='lat' dir='ltr'>communicarsi</span> <span class='ocrx_word' id='word_1_320' title='bbox 697 2448 863 2495; x_wconf 85' lang='lat' dir='ltr'>spesso,</span> <span class='ocrx_word' id='word_1_321' title='bbox 895 2444 939 2478; x_wconf 90' lang='grc'>61</span> <span class='ocrx_word' id='word_1_322' title='bbox 969 2432 1039 2478; x_wconf 86' lang='grc'><strong>311’</strong></span> <span class='ocrx_word' id='word_1_323' title='bbox 1060 2432 1273 2480; x_wconf 85' lang='lat' dir='ltr'>exercitii.</span> <span class='ocrx_word' id='word_1_324' title='bbox 1303 2431 1366 2478; x_wconf 85' lang='lat' dir='ltr'>Et</span> <span class='ocrx_word' id='word_1_325' title='bbox 1397 2442 1560 2495; x_wconf 87' lang='lat' dir='ltr'>questo</span> <span class='ocrx_word' id='word_1_326' title='bbox 1591 2430 1635 2477; x_wconf 94' lang='grc'>10</span> <span class='ocrx_word' id='word_1_327' title='bbox 1665 2447 1729 2487; x_wconf 91' lang='lat' dir='ltr'>so,</span> <span class='ocrx_word' id='word_1_328' title='bbox 1762 2429 1831 2477; x_wconf 90' lang='lat' dir='ltr'>fra</span> <span class='ocrx_word' id='word_1_329' title='bbox 1867 2429 1895 2475; x_wconf 93' lang='lat' dir='ltr'>l&#39;</span> 
     </span>
     <span class='ocr_line' id='line_1_31' title="bbox 261 2502 1896 2570; baseline -0.001 -19"><span class='ocrx_word' id='word_1_330' title='bbox 261 2506 371 2551; x_wconf 81' lang='lat' dir='ltr'>altre</span> <span class='ocrx_word' id='word_1_331' title='bbox 401 2522 606 2567; x_wconf 84' lang='lat' dir='ltr'>persone,</span> <span class='ocrx_word' id='word_1_332' title='bbox 637 2522 717 2568; x_wconf 90' lang='lat' dir='ltr'>per</span> <span class='ocrx_word' id='word_1_333' title='bbox 748 2505 775 2551; x_wconf 94' lang='lat' dir='ltr'>il</span> <span class='ocrx_word' id='word_1_334' title='bbox 808 2518 965 2552; x_wconf 90' lang='lat' dir='ltr'>nostro</span> <span class='ocrx_word' id='word_1_335' title='bbox 997 2505 1203 2563; x_wconf 86' lang='lat' dir='ltr'>fornaro,</span> <span class='ocrx_word' id='word_1_336' title='bbox 1230 2506 1258 2551; x_wconf 93' lang='lat' dir='ltr'>il</span> <span class='ocrx_word' id='word_1_337' title='bbox 1290 2504 1438 2570; x_wconf 87' lang='lat' dir='ltr'>qualle</span> <span class='ocrx_word' id='word_1_338' title='bbox 1470 2504 1596 2551; x_wconf 88' lang='lat' dir='ltr'>suole</span> <span class='ocrx_word' id='word_1_339' title='bbox 1626 2502 1896 2551; x_wconf 86' lang='lat' dir='ltr'>confessarsi</span> 
     </span>
     <span class='ocr_line' id='line_1_32' title="bbox 261 2578 1898 2645; baseline -0.002 -18"><span class='ocrx_word' id='word_1_340' title='bbox 261 2581 370 2644; x_wconf 84' lang='lat' dir='ltr'>ogni</span> <span class='ocrx_word' id='word_1_341' title='bbox 400 2584 422 2627; x_wconf 87' lang='lat'>8</span> <span class='ocrx_word' id='word_1_342' title='bbox 450 2581 618 2644; x_wconf 85' lang='lat' dir='ltr'>giorni,</span> <span class='ocrx_word' id='word_1_343' title='bbox 643 2593 687 2626; x_wconf 90' lang='lat' dir='ltr'>et</span> <span class='ocrx_word' id='word_1_344' title='bbox 711 2581 896 2644; x_wconf 87' lang='lat' dir='ltr'>quando</span> <span class='ocrx_word' id='word_1_345' title='bbox 921 2598 995 2627; x_wconf 88' lang='lat' dir='ltr'>era</span> <span class='ocrx_word' id='word_1_346' title='bbox 1026 2581 1151 2645; x_wconf 85' lang='lat' dir='ltr'>quini</span> <span class='ocrx_word' id='word_1_347' title='bbox 1182 2581 1256 2628; x_wconf 90' lang='lat' dir='ltr'>M.</span> <span class='ocrx_word' id='word_1_348' title='bbox 1286 2580 1473 2626; x_wconf 88' lang='lat' dir='ltr'>Andrea</span> <span class='ocrx_word' id='word_1_349' title='bbox 1492 2578 1523 2636; x_wconf 81' lang='lat'>³,</span> <span class='ocrx_word' id='word_1_350' title='bbox 1549 2596 1702 2642; x_wconf 89' lang='lat' dir='ltr'>spesso</span> <span class='ocrx_word' id='word_1_351' title='bbox 1727 2579 1761 2624; x_wconf 92' lang='lat' dir='ltr'>si</span> <span class='ocrx_word' id='word_1_352' title='bbox 1787 2595 1898 2624; x_wconf 90' lang='grc'><strong>6011-</strong></span> 
     </span>
     <span class='ocr_line' id='line_1_33' title="bbox 262 2652 1896 2719; baseline -0.002 -17"><span class='ocrx_word' id='word_1_353' title='bbox 262 2656 461 2719; x_wconf 82' lang='lat' dir='ltr'>segliaua</span> <span class='ocrx_word' id='word_1_354' title='bbox 483 2673 569 2702; x_wconf 91' lang='lat' dir='ltr'>con</span> <span class='ocrx_word' id='word_1_355' title='bbox 593 2656 685 2702; x_wconf 91' lang='lat' dir='ltr'>don</span> <span class='ocrx_word' id='word_1_356' title='bbox 719 2655 1015 2712; x_wconf 87' lang='lat' dir='ltr'>Bernardino,</span> <span class='ocrx_word' id='word_1_357' title='bbox 1049 2655 1213 2718; x_wconf 78' lang='lat' dir='ltr'>perche</span> <span class='ocrx_word' id='word_1_358' title='bbox 1244 2655 1271 2700; x_wconf 88' lang='lat' dir='ltr'>li</span> <span class='ocrx_word' id='word_1_359' title='bbox 1302 2653 1347 2700; x_wconf 89' lang='lat' dir='ltr'>fa</span> <span class='ocrx_word' id='word_1_360' title='bbox 1378 2654 1404 2700; x_wconf 83' lang='lat' dir='ltr'>i!</span> <span class='ocrx_word' id='word_1_361' title='bbox 1431 2654 1534 2717; x_wconf 87' lang='lat' dir='ltr'>pan&#39;</span> <span class='ocrx_word' id='word_1_362' title='bbox 1555 2653 1728 2699; x_wconf 86' lang='lat' dir='ltr'>anchor</span> <span class='ocrx_word' id='word_1_363' title='bbox 1761 2670 1785 2698; x_wconf 92' lang='lat' dir='ltr'>a</span> <span class='ocrx_word' id='word_1_364' title='bbox 1817 2652 1896 2710; x_wconf 91' lang='lat' dir='ltr'>lui,</span> 
     </span>
     <span class='ocr_line' id='line_1_34' title="bbox 264 2727 1896 2796; baseline -0.001 -21"><span class='ocrx_word' id='word_1_365' title='bbox 264 2740 308 2776; x_wconf 94' lang='lat' dir='ltr'>et</span> <span class='ocrx_word' id='word_1_366' title='bbox 331 2729 423 2776; x_wconf 93' lang='lat' dir='ltr'>don</span> <span class='ocrx_word' id='word_1_367' title='bbox 449 2730 729 2776; x_wconf 88' lang='lat' dir='ltr'>Bernardino</span> <span class='ocrx_word' id='word_1_368' title='bbox 747 2747 926 2796; x_wconf 80' lang='lat' dir='ltr'>sempre</span> <span class='ocrx_word' id='word_1_369' title='bbox 951 2730 977 2775; x_wconf 94' lang='lat' dir='ltr'>li</span> <span class='ocrx_word' id='word_1_370' title='bbox 1003 2730 1187 2776; x_wconf 84' lang='lat' dir='ltr'>disuassi</span> <span class='ocrx_word' id='word_1_371' title='bbox 1212 2729 1253 2775; x_wconf 88' lang='lat' dir='ltr'>la</span> <span class='ocrx_word' id='word_1_372' title='bbox 1268 2728 1582 2784; x_wconf 88' lang='lat' dir='ltr'>communion,</span> <span class='ocrx_word' id='word_1_373' title='bbox 1602 2727 1795 2774; x_wconf 91' lang='lat' dir='ltr'>dicendo</span> <span class='ocrx_word' id='word_1_374' title='bbox 1813 2727 1896 2773; x_wconf 90' lang='lat' dir='ltr'>che</span> 
     </span>
    </p>
   </div>
   <div class='ocr_carea' id='block_1_3' title="bbox 358 2823 618 2828">
    <p class='ocr_par' dir='ltr' id='par_1_5' title="bbox 358 2823 618 2828">
     <span class='ocr_line' id='line_1_35' title="bbox 358 2823 618 2828; baseline 0 0"><span class='ocrx_word' id='word_1_375' title='bbox 358 2823 618 2828; x_wconf 95' lang='lat' dir='ltr'> </span> 
     </span>
    </p>
   </div>
   <div class='ocr_carea' id='block_1_4' title="bbox 268 2863 1895 3162">
    <p class='ocr_par' dir='ltr' id='par_1_6' title="bbox 321 2863 557 2904">
     <span class='ocr_line' id='line_1_36' title="bbox 321 2863 557 2904; baseline 0.013 -3"><span class='ocrx_word' id='word_1_376' title='bbox 321 2863 333 2889; x_wconf 89' lang='lat'>¹</span> <span class='ocrx_word' id='word_1_377' title='bbox 388 2866 460 2902; x_wconf 86' lang='lat' dir='ltr'>Ms.</span> <span class='ocrx_word' id='word_1_378' title='bbox 483 2863 557 2904; x_wconf 80' lang='lat' dir='ltr'>cio.</span> 
     </span>
    </p>

    <p class='ocr_par' dir='ltr' id='par_1_7' title="bbox 319 2925 708 2977">
     <span class='ocr_line' id='line_1_37' title="bbox 319 2925 708 2977; baseline 0.003 -14"><span class='ocrx_word' id='word_1_379' title='bbox 319 2925 335 2950; x_wconf 76' lang='lat'>²</span> <span class='ocrx_word' id='word_1_380' title='bbox 390 2928 462 2964; x_wconf 89' lang='lat' dir='ltr'>Ms.</span> <span class='ocrx_word' id='word_1_381' title='bbox 485 2925 708 2977; x_wconf 78' lang='lat' dir='ltr'>dispiciar.</span> 
     </span>
    </p>

    <p class='ocr_par' dir='ltr' id='par_1_8' title="bbox 268 2987 1895 3162">
     <span class='ocr_line' id='line_1_38' title="bbox 321 2987 1895 3035; baseline -0.001 -10"><span class='ocrx_word' id='word_1_382' title='bbox 321 2988 335 3012; x_wconf 82' lang='grc'><strong>3</strong></span> <span class='ocrx_word' id='word_1_383' title='bbox 391 2990 428 3029; x_wconf 91' lang='grc' dir='ltr'>Ρ.</span> <span class='ocrx_word' id='word_1_384' title='bbox 453 2990 628 3026; x_wconf 84' lang='lat' dir='ltr'>Andreas</span> <span class='ocrx_word' id='word_1_385' title='bbox 648 2989 817 3035; x_wconf 81' lang='lat' dir='ltr'>Frusius,</span> <span class='ocrx_word' id='word_1_386' title='bbox 839 2990 914 3035; x_wconf 83' lang='lat' dir='ltr'>qui,</span> <span class='ocrx_word' id='word_1_387' title='bbox 937 2990 985 3025; x_wconf 89' lang='lat' dir='ltr'>ab</span> <span class='ocrx_word' id='word_1_388' title='bbox 1008 2989 1158 3035; x_wconf 86' lang='lat' dir='ltr'>Ignatio</span> <span class='ocrx_word' id='word_1_389' title='bbox 1178 2989 1337 3025; x_wconf 88' lang='lat' dir='ltr'>Romam</span> <span class='ocrx_word' id='word_1_390' title='bbox 1359 2992 1552 3034; x_wconf 79' lang='lat' dir='ltr'>evocatus,</span> <span class='ocrx_word' id='word_1_391' title='bbox 1574 2987 1780 3034; x_wconf 86' lang='lat' dir='ltr'>POLANCO,</span> <span class='ocrx_word' id='word_1_392' title='bbox 1801 2992 1828 3025; x_wconf 90' lang='lat' dir='ltr'>t.</span> <span class='ocrx_word' id='word_1_393' title='bbox 1850 2995 1895 3034; x_wconf 85' lang='lat'>11,</span> 
     </span>
     <span class='ocr_line' id='line_1_39' title="bbox 268 3047 1894 3100; baseline -0.001 -11"><span class='ocrx_word' id='word_1_394' title='bbox 268 3064 355 3100; x_wconf 83' lang='lat' dir='ltr'>pag.</span> <span class='ocrx_word' id='word_1_395' title='bbox 385 3061 473 3100; x_wconf 88' lang='lat'>475,</span> <span class='ocrx_word' id='word_1_396' title='bbox 500 3063 535 3089; x_wconf 88' lang='lat' dir='ltr'>n.</span> <span class='ocrx_word' id='word_1_397' title='bbox 565 3063 653 3099; x_wconf 78' lang='lat'>139,</span> <span class='ocrx_word' id='word_1_398' title='bbox 685 3052 867 3088; x_wconf 83' lang='lat' dir='ltr'>«recessit</span> <span class='ocrx_word' id='word_1_399' title='bbox 900 3053 1112 3090; x_wconf 85' lang='lat' dir='ltr'>Venetiis...</span> <span class='ocrx_word' id='word_1_400' title='bbox 1153 3061 1195 3098; x_wconf 85' lang='lat'>17</span> <span class='ocrx_word' id='word_1_401' title='bbox 1234 3051 1509 3097; x_wconf 80' lang='lat' dir='ltr'>Septembris».</span> <span class='ocrx_word' id='word_1_402' title='bbox 1542 3051 1747 3096; x_wconf 84' lang='lat' dir='ltr'>POLANCO,</span> <span class='ocrx_word' id='word_1_403' title='bbox 1781 3047 1894 3096; x_wconf 69' lang='lat' dir='ltr'>ibid„</span> 
     </span>
     <span class='ocr_line' id='line_1_40' title="bbox 269 3115 635 3162; baseline -0.003 -11"><span class='ocrx_word' id='word_1_404' title='bbox 269 3126 357 3162; x_wconf 87' lang='lat' dir='ltr'>pag.</span> <span class='ocrx_word' id='word_1_405' title='bbox 378 3115 467 3160; x_wconf 83' lang='lat'>488,</span> <span class='ocrx_word' id='word_1_406' title='bbox 490 3126 523 3151; x_wconf 90' lang='lat' dir='ltr'>n.</span> <span class='ocrx_word' id='word_1_407' title='bbox 552 3115 635 3161; x_wconf 83' lang='lat'><strong>176.</strong></span> 
     </span>
    </p>
   </div>
  </div>
 </body>
</html>
