2008 3510
805 274 852 302 12
882 263 1048 303 Amnis
1078 272 1180 314 1550
1671 261 1746 314 693

917 427 1059 462 1294

632 515 977 553 COMMUNITAS
1006 514 1343 552 BONONIENSIS

446 603 707 666 JOANNI
743 602 1077 650 ALVAREZ
1113 602 1208 649 DE
1244 602 1532 651 TOLEDO

778 687 985 712 CARDINALI
1011 687 1200 713 BURGENSI

667 765 843 791 ΒοΝοΝιΑ
876 764 924 792 12
952 764 1110 791 APRILIS
1142 763 1243 804 1550
1274 750 1302 791 ¹.

232 851 448 889 Cardinalis
479 852 681 899 burgensis
707 853 964 899 patrocinium
996 852 1202 899 implorant
1227 852 1485 889 bononienses
1515 852 1554 888 in
1580 852 1748 889 favorem

465 915 657 962 gymnasii
679 915 884 953 Societatis
904 916 1006 963 Jesu,
1029 917 1067 952 in
1089 926 1159 952 sua
1177 916 1270 952 urbe
1288 915 1490 953 condendi.

239 1011 362 1058 Rdo.
404 1021 449 1057 et
489 1011 639 1059 Illmo.
679 1012 959 1076 monsignor,
1000 1012 1157 1076 signor
1193 1023 1350 1059 nostro
1385 1012 1800 1059 osservandissimo.

175 1086 366 1148 Quanto
392 1085 471 1150 piu
496 1085 536 1132 la
559 1103 692 1132 causa
714 1087 795 1133 che
820 1087 857 1132 al
884 1098 1090 1150 presente
1113 1086 1152 1133 ci
1178 1103 1346 1133 muoue
1376 1086 1432 1133 ad
1458 1086 1612 1133 hauer’
1631 1086 1803 1133 ricorso

172 1175 257 1205 con
283 1171 440 1223 questa
465 1171 618 1206 nostra
642 1159 711 1205 all'
731 1161 948 1207 auttorita
971 1171 1016 1206 et
1034 1158 1192 1206 fauore
1216 1161 1262 1207 di
1288 1161 1345 1206 V.
1371 1159 1411 1207 S.
1434 1160 1571 1207 Rma.
1591 1171 1635 1206 et
1658 1159 1800 1207 Illma.

173 1244 218 1280 et
242 1233 325 1279 alla
350 1233 492 1279 bonta
514 1245 559 1279 et
584 1233 703 1296 pieta
727 1251 821 1292 sua,
846 1251 930 1280 con
958 1235 997 1280 la
1023 1234 1154 1299 quale
1177 1235 1413 1298 sappiamo
1443 1246 1616 1298 quanto
1647 1234 1803 1280 uolen-

174 1308 271 1355 tieri
291 1308 522 1355 abbraccia
540 1310 584 1355 di
604 1310 823 1355 continuo
843 1310 869 1355 l'
889 1326 1026 1372 opere
1045 1320 1256 1356 uertuose
1270 1320 1315 1355 et
1332 1308 1565 1372 spirituali,
1586 1309 1611 1355 ἐ
1631 1309 1802 1371 impor-

174 1394 297 1429 tante
327 1395 372 1430 et
400 1395 699 1430 concernente
740 1383 930 1429 lhonore
966 1394 1011 1429 et
1050 1383 1078 1429 il
1119 1383 1304 1429 seruitio
1344 1382 1419 1429 del
1455 1383 1612 1446 signor
1647 1382 1800 1440 Iddio3

173 1467 301 1504 tanto
324 1475 410 1504 con
437 1458 671 1521 maggiore
695 1457 941 1514 affettione,
972 1470 1016 1503 et
1041 1474 1125 1503 con
1157 1457 1236 1520 piu
1268 1456 1380 1503 caldi
1414 1456 1590 1519 prieghi
1624 1456 1664 1502 Ia
1693 1472 1802 1519 sup-

173 1531 415 1594 plichiamo
445 1532 518 1578 del
550 1532 674 1578 aiuto
699 1549 722 1577 e
753 1530 1059 1578 intercession'
1077 1547 1156 1577 sua
1186 1547 1210 1576 a
1241 1530 1458 1577 beneficio
1489 1541 1535 1576 et
1562 1546 1802 1576 conserua-

170 1605 295 1664 tione
319 1606 393 1652 del
416 1606 641 1670 colleggio
672 1605 775 1652 delli
802 1606 959 1652 scolari
990 1605 1107 1652 della
1137 1605 1426 1668 Compagnia
1450 1605 1496 1652 di
1524 1605 1652 1666 Jesu,
1677 1606 1802 1668 prin-

172 1679 338 1743 cipiato
363 1679 407 1725 in
433 1692 592 1743 questa
610 1680 739 1737 citta3
764 1679 805 1725 la
830 1680 936 1736 vita,
963 1678 1241 1742 professione
1258 1691 1303 1726 et
1323 1678 1555 1743 proceder’
1573 1678 1645 1726 del
1671 1679 1802 1743 quale

173 1754 198 1799 ὲ
231 1764 359 1800 tanto
387 1753 643 1817 exemplare
677 1766 722 1800 et
753 1754 986 1818 religi080‚
1017 1754 1099 1800 che
1129 1754 1170 1800 la
1199 1754 1307 1800 citta
1340 1765 1459 1800 tutta
1491 1770 1546 1799 ne
1576 1765 1702 1800 sente
1739 1771 1801 1800 un

172 1829 318 1876 molto
353 1829 480 1875 buon
517 1829 660 1876 odore
691 1839 736 1875 et
766 1846 879 1892 gran
910 1827 1227 1886 satisfattione,
1258 1841 1303 1876 et
1335 1828 1556 1893 maggior’
1575 1828 1684 1875 assai
1718 1829 1802 1875 alla

173 1904 383 1967 giornata
408 1904 442 1950 si
468 1920 598 1966 spera
623 1904 667 1950 di
695 1903 906 1951 riceuere.

239 1978 324 2024 Ma
359 1978 404 2024 in
437 1978 596 2024 effetto
625 1978 712 2042 egli
750 1978 773 2024 ἐ
806 1989 935 2023 tanto
968 1995 1141 2041 pouero
1172 1988 1218 2024 et
1246 1978 1502 2036 sinistroso,
1534 1977 1616 2024 che
1649 1994 1741 2024 non
1772 1978 1800 2024 li

172 2053 360 2098 essendo
385 2053 591 2115 prouisto
615 2052 660 2098 di
688 2052 878 2115 qualche
902 2050 1047 2098 ferma
1071 2064 1116 2098 et
1144 2051 1372 2098 ordinaria
1400 2052 1683 2110 souentione,
1714 2069 1800 2098 con

173 2126 214 2172 la
244 2126 376 2190 quale
409 2138 586 2190 potesse
617 2122 902 2183 mantenersi‚
934 2126 1210 2172 dubittiamo
1240 2143 1331 2173 non
1362 2127 1493 2189 potra
1523 2126 1799 2172 conseruarsi

173 2213 218 2248 et
243 2200 531 2264 perseuerar’,
550 2217 679 2247 come
711 2201 790 2264 piu
823 2200 1005 2264 allongo
1038 2201 1095 2247 V.
1120 2201 1160 2248 S.
1194 2201 1330 2249 Rma.
1366 2212 1411 2247 et
1445 2200 1587 2246 Illma.
1625 2202 1722 2247 sera
1753 2201 1799 2247 di

175 2287 296 2322 tutto
329 2274 573 2322 informata
605 2275 676 2321 dal
709 2275 951 2321 eshibitore
981 2274 1098 2321 della
1129 2286 1336 2338 presente
1356 2274 1384 2322 ².
1428 2274 1547 2321 Seria
1585 2275 1800 2339 adunque

174 2350 422 2396 necessario
451 2349 534 2396 che
564 2366 660 2395 essa
683 2349 738 2395 V.
773 2350 813 2396 S.
850 2350 1002 2407 Rma.,
1034 2349 1073 2394 la
1102 2349 1205 2413 qual
1239 2366 1319 2412 per
1349 2348 1408 2395 tal
1439 2348 1597 2395 effetto
1627 2348 1800 2412 suppli-

172 2425 351 2471 chiamo
383 2441 468 2470 con
498 2424 607 2487 ogni
638 2424 854 2470 caldezza
883 2436 927 2469 et
951 2423 1144 2470 efficacia
1172 2423 1207 2470 si
1236 2423 1467 2487 degnasse,
1498 2423 1682 2469 insieme
1713 2440 1799 2469 con

174 2497 441 2561 monsignor
469 2498 614 2544 Rmo.
642 2509 687 2544 et
711 2498 859 2545 Illmo.
886 2497 931 2544 d'
952 2498 1225 2562 Inghilterra
1244 2497 1275 2555 ³,
1300 2516 1324 2544 a
1341 2499 1411 2545 cui
1432 2498 1672 2561 parimenti
1691 2497 1800 2544 scri-

227 2643 240 2668 ¹
299 2644 356 2680 Ex
376 2644 556 2690 originali
577 2645 615 2680 in
634 2645 710 2681 vol.
732 2641 864 2694 Epist.
881 2642 1233 2691 communitatum,
1254 2645 1397 2691 duplici
1418 2645 1523 2691 folio,
1544 2655 1578 2682 n.
1601 2645 1637 2682 8.

227 2705 244 2730 ²
298 2704 351 2745 In
371 2705 489 2757 epist.
509 2718 547 2744 n.
572 2716 615 2756 9.-
634 2708 683 2743 da
702 2707 755 2744 M.
778 2706 934 2744 Hier.11¹0
955 2708 1087 2754 Bagio,
1107 2713 1238 2745 nostro
1258 2708 1476 2744 secretario.

230 2768 245 2793 ³
301 2770 538 2816 Reginaldus
553 2770 669 2806 Polus
686 2768 1066 2821 (Pole).—Epistola,
1083 2772 1190 2818 quus
1210 2772 1272 2808 hic
1287 2771 1329 2807 fit
1348 2771 1503 2816 mentio,
1520 2770 1664 2807 eisdem
1680 2770 1795 2807 ferme

176 2834 395 2879 conscripta
415 2833 541 2869 verbis
563 2843 608 2868 ac
634 2837 782 2878 nostra,
805 2834 990 2879 reperitur
1015 2833 1130 2870 etiam
1156 2835 1195 2870 in
1215 2835 1349 2870 eodem
1370 2834 1445 2870 vol.
1467 2829 1601 2882 Epist.
1622 2843 1796 2871 commu-

175 2893 369 2938 nitatum,
386 2895 500 2931 unico
518 2894 623 2941 folio,
640 2906 676 2931 n.
694 2906 729 2941 9.
752 2894 858 2941 Eam,
879 2900 1011 2942 utpote
1032 2896 1128 2933 nihil
1148 2898 1237 2933 novi
1254 2897 1524 2941 continentem,
1542 2905 1619 2931 non
1635 2896 1794 2931 edimus.

178 2959 277 2996 Illud
298 2959 548 2994 nihilominus
569 2958 950 2994 animadvertendum
968 2964 1037 3005 est,
1055 2960 1182 3005 plures
1202 2961 1252 2995 ad
1268 2960 1441 2995 diversos
1462 2959 1500 2994 in
1520 2960 1693 2994 eumdem
1713 2969 1796 2995 sen-

176 3032 261 3058 sum
283 3022 394 3056 datas
421 3020 537 3056 fuisse
561 3020 726 3065 litteras,
748 3021 815 3055 sed
837 3021 1001 3057 diversis
1028 3022 1182 3067 quidem
1203 3022 1455 3068 temporibus,
1477 3025 1517 3056 ut
1537 3021 1729 3066 colligitur
1748 3031 1795 3056 ex

176 3084 382 3129 POLANCO,
404 3087 430 3119 t.
451 3091 492 3129 11,
512 3093 597 3128 pag.
618 3083 679 3130 58,
702 3087 831 3119 annot.
851 3094 885 3121 1.
906 3082 952 3119 Et
972 3094 1064 3120 sane
1085 3084 1259 3132 epistola,
1282 3095 1378 3132 quae
1399 3085 1559 3120 habetur
1579 3083 1617 3120 in
1637 3084 1792 3121 laudato

177 3146 320 3183 codice·
332 3147 414 3183 sub.
436 3157 471 3182 n.
495 3156 530 3193 9,
553 3156 598 3182 ea
618 3156 663 3192 31
690 3145 868 3183 Octobris
887 3146 976 3183 data
998 3146 1078 3184 fuit.
