2008 3510
315 234 389 282 738
778 233 1026 272 Epis-roma
1043 234 1290 274 MxxrAE—-x
1297 246 1373 286 304

323 337 636 401 Monsignor’,
657 338 683 384 il
712 339 850 401 prior'
875 339 904 398 ¹,
931 350 1208 386 certamente
1227 340 1265 386 ci
1286 350 1418 403 porta
1444 339 1588 386 molto
1614 340 1739 386 buon
1765 341 1891 387 affet-

257 411 394 468 tione‚
420 423 464 457 et
489 410 534 458 fa
559 411 639 475 pii}
668 429 747 475 per
772 413 862 470 noi,
887 413 970 459 che
997 431 1086 460 non
1114 414 1174 459 mi
1200 430 1308 476 pare
1331 414 1486 460 hauer'
1506 414 1804 461 commodita.
1837 414 1896 461 Et

255 486 376 545 cosi,
404 488 651 534 ancorache
679 506 768 534 non
794 488 1040 535 habbiamo
1065 500 1239 553 quanto
1264 489 1309 535 in
1341 488 1480 552 luogo
1505 489 1548 535 di
1577 490 1701 535 studi
1728 489 1761 535 si
1789 507 1893 535 vor-

257 561 421 621 rebbe,
446 563 548 626 pur’
571 580 664 609 non
696 581 856 610 manca
879 563 908 610 il
934 564 1180 610 necessario
1205 581 1287 628 per
1310 563 1452 610 bonta
1477 564 1632 610 diuina
1655 575 1700 610 et
1723 564 1894 611 charita

256 636 329 683 del
354 638 483 683 detto
509 638 808 702 monsignor’,
833 650 878 685 et
902 638 1103 685 viuiamo
1127 639 1361 696 consolati,
1388 656 1479 685 non
1504 639 1845 702 resguardando
1869 657 1894 686 a

254 722 375 757 certe
413 724 604 770 cosette,
634 714 717 759 che
748 713 927 776 potrian
959 714 1091 767 esser'
1113 713 1283 777 meglio
1312 713 1532 760 ordinate.
1576 713 1629 759 Io
1660 714 1722 762 mi
1763 726 1892 760 sento

255 785 401 833 molto
433 785 597 834 freddo
628 787 667 834 al
700 788 981 835 domandare
1011 799 1057 834 et
1087 787 1331 845 solicitare,
1376 787 1573 834 volendo
1617 788 1697 851 pisi
1739 800 1893 852 presto

254 862 398 924 patire
423 862 613 925 qualche
644 863 840 927 disagio,
870 863 953 909 che
984 863 1321 926 importunare,
1358 861 1480 908 forse
1510 879 1595 910 con
1627 862 1707 926 pisi
1738 863 1892 910 danno

253 937 334 982 che
359 937 657 1000 giouamento
673 977 684 996 ,
710 949 755 984 et
780 939 1015 996 massime,
1040 955 1175 985 como
1199 938 1261 984 ho
1285 938 1434 996 detto,
1455 938 1538 984 che
1567 955 1657 984 non
1685 937 1803 985 vedo
1827 937 1891 984 fin

253 1011 330 1074 qui
355 1029 458 1058 cosa
490 1012 670 1059 difficile
694 1015 752 1060 da
784 1015 971 1077 portar',
996 1031 1020 1060 e
1050 1015 1147 1060 solo
1173 1014 1235 1059 mi
1260 1030 1368 1077 pare
1400 1030 1584 1060 mancar
1615 1013 1655 1059 la
1683 1030 1892 1060 commo-

181 1123 190 1135 .
253 1086 347 1133 dita
371 1087 416 1134 di
443 1088 654 1134 atendere
679 1088 759 1151 pisi
788 1089 846 1134 da
871 1105 981 1134 vero
1007 1087 1079 1134 alli
1106 1088 1250 1146 studi,
1274 1105 1409 1134 como
1433 1100 1610 1145 stanze‚
1638 1088 1759 1146 libri,
1784 1099 1890 1146 etc.;

252 1178 324 1207 ma
351 1178 469 1225 poco
494 1179 518 1207 a
543 1179 675 1225 poco,
701 1163 921 1225 piacendo
947 1163 986 1209 al
1010 1163 1188 1227 Signor,
1215 1163 1325 1227 ogni
1349 1179 1453 1209 cosa
1483 1162 1516 1209 si
1542 1164 1778 1221 assettera,
1804 1174 1889 1211 etc.

317 1236 380 1281 Di
411 1236 546 1300 quelli
580 1237 754 1283 rumori
787 1254 815 1283 o
844 1238 1033 1300 sospetti
1064 1238 1148 1284 che
1179 1238 1203 1283 ἐ
1237 1248 1355 1283 stato
1388 1237 1517 1284 detto
1549 1237 1633 1283 alla
1665 1237 1716 1284 P.
1744 1237 1818 1295 V.‚
1843 1237 1887 1283 in

250 1326 341 1356 una
364 1310 535 1373 parola,
563 1310 606 1356 io
632 1327 722 1356 non
749 1311 939 1358 intendo
965 1311 1022 1357 ne
1054 1312 1193 1358 credo
1223 1312 1355 1357 esser’
1379 1310 1508 1368 altro,
1534 1311 1781 1368 senonche‚
1807 1327 1889 1374 per

250 1386 409 1449 cagion
436 1385 480 1432 di
507 1386 644 1450 quelli
669 1387 890 1434 sacerdoti
916 1387 961 1434 di
988 1387 1172 1434 Milano
1190 1388 1273 1434 che
1294 1386 1464 1434 furono
1484 1387 1712 1444 licentiati,
1736 1398 1781 1434 et
1808 1403 1888 1450 per

249 1460 290 1505 la
322 1461 480 1507 nouita
512 1461 556 1507 di
588 1473 751 1525 questo
782 1461 944 1526 luogo,
978 1462 1188 1508 massime
1229 1479 1254 1508 a
1294 1462 1440 1526 questi
1482 1462 1645 1525 tempi,
1687 1461 1888 1508 hebbero

249 1535 395 1580 alcuni
428 1547 632 1599 sospetto
662 1536 746 1582 che
778 1553 857 1600 per
890 1537 962 1582 via
992 1537 1037 1583 di
1076 1534 1348 1583 confessioni
1385 1546 1430 1582 et
1470 1534 1804 1582 conuersationi
1841 1534 1886 1581 di

248 1609 401 1657 donne
445 1611 633 1673 (ancora
671 1611 755 1657 che
796 1611 992 1658 andamo
1034 1611 1128 1658 cosi
1169 1610 1354 1657 ritenuti
1395 1622 1441 1657 et
1471 1610 1810 1673 circonspetti),
1851 1609 1887 1655 si

250 1685 424 1731 venisse
449 1703 473 1731 a
496 1685 696 1748 scoprire
721 1685 912 1750 qualche
936 1697 1108 1732 secreto
1133 1685 1250 1732 della
1273 1685 1486 1748 signoria,
1506 1686 1694 1731 essendo
1719 1684 1888 1730 auisata

251 1760 403 1822 (come
428 1761 533 1823 quel
552 1760 794 1806 secretario
815 1761 1065 1807 medesimo
1085 1761 1147 1807 mi
1166 1760 1308 1822 disse)
1330 1760 1413 1807 che
1432 1759 1473 1806 la
1493 1760 1544 1806 P.
1568 1760 1626 1806 V.
1648 1758 1683 1806 s'
1703 1759 1888 1823 intende

248 1835 395 1882 molto
419 1836 464 1882 di
491 1835 712 1899 negotiar'
732 1853 833 1882 cose
859 1836 1205 1899 dimportanza‚
1237 1846 1282 1881 et
1315 1834 1528 1882 hauendo
1560 1844 1695 1898 gente
1718 1834 1800 1880 che
1824 1833 1886 1897 gli

249 1913 343 1974 puo
368 1910 464 1957 dar‘
484 1911 592 1957 auisi
617 1911 758 1974 dogni
791 1911 960 1968 banda,
995 1913 1063 1957 col
1096 1928 1232 1957 nome
1256 1910 1372 1957 della
1397 1910 1555 1956 nation
1580 1921 1625 1955 et
1661 1907 1886 1972 famiglia—

248 1985 334 2031 rita.
358 1986 402 2031 di
430 2002 621 2048 persone
646 1987 841 2049 grande,
869 1998 950 2032 etc.
979 1986 1032 2032 Io
1058 1985 1140 2032 feci
1167 1986 1360 2049 risposta
1383 2002 1514 2032 come
1538 1985 1634 2030 Dio
1657 1996 1702 2029 et
1726 1983 1767 2028 la
1790 1999 1885 2029 cer—

249 2072 381 2106 tezza
405 2061 476 2107 del
502 2077 612 2107 vero
638 2061 698 2106 mi
726 2077 895 2119 mosse,
920 2072 965 2107 et
988 2061 1124 2107 credo
1149 2078 1234 2107 con
1259 2059 1531 2106 satisfattion
1556 2076 1636 2105 sua
1658 2058 1686 2104 ².

313 2136 494 2197 Questo
519 2136 542 2182 ἐ
567 2135 719 2200 quello
743 2136 825 2181 che
852 2136 911 2182 mi
940 2153 1107 2199 pareua
1139 2135 1301 2182 douer'
1320 2135 1414 2182 cosi
1442 2145 1754 2199 apertamente
1778 2132 1884 2178 'scri-

247 2226 352 2255 uere
389 2209 473 2255 alla
506 2210 556 2256 P.
593 2210 670 2266 V.‚
712 2210 919 2256 accioche
951 2227 1082 2273 possa
1115 2209 1283 2273 meglio
1315 2209 1593 2256 determinat
1622 2219 1668 2254 et
1697 2207 1884 2253 ordinat·

246 2284 355 2347 ogni
387 2301 470 2330 suo
501 2301 684 2347 parere,
718 2284 755 2329 al
797 2284 929 2348 quale
966 2302 1099 2348 spero
1142 2284 1258 2330 nella
1295 2284 1436 2330 bonta
1474 2284 1629 2330 diuina
1666 2282 1748 2328 che
1785 2282 1883 2327 sara

247 2368 568 2420 prontamente
592 2369 637 2403 et
661 2357 965 2420 alegramente
990 2357 1189 2404 obedito.

316 2432 512 2496 Pregola
542 2450 622 2495 per
658 2432 699 2477 la
738 2449 817 2477 sua
854 2432 1065 2496 singolar'
1084 2432 1248 2490 carita,
1281 2431 1365 2478 che
1407 2431 1468 2477 mi
1511 2430 1664 2494 voglia
1704 2444 1883 2492 sempre

247 2508 342 2553 dar'
362 2508 519 2571 spetial
554 2508 677 2554 aiuto
707 2524 792 2553 con
824 2508 862 2553 le
890 2525 970 2554 sue
1000 2508 1157 2555 diuote
1188 2508 1381 2554 orationi
1416 2518 1461 2554 et
1491 2519 1678 2570 paterne
1712 2518 1881 2553 corret-

248 2582 381 2639 tioni,
413 2582 715 2629 admonitioni
746 2594 791 2627 et
820 2582 1211 2639 comandamenti,
1252 2599 1382 2629 come
1424 2593 1579 2628 nostro
1610 2581 1782 2644 Signor
1819 2580 1882 2644 gli*

250 2658 470 2702 mostrera
502 2657 632 2703 esser’
653 2656 697 2702 di
729 2656 922 2719 bisogno
952 2673 1032 2719 per
1063 2656 1255 2703 sminuir
1285 2655 1324 2702 la
1357 2656 1446 2702 mia
1477 2667 1605 2701 tanto
1645 2655 1882 2717 desperata
1937 2711 1940 2714 ψ

249 2731 438 2793 tepidita
463 2742 507 2776 et
531 2730 877 2794 ingratitudine,
904 2743 949 2777 et
981 2729 1051 2776 far
1084 2731 1300 2794 alquanto
1332 2729 1499 2793 meglio
1531 2729 1558 2775 il
1592 2729 1685 2775 mio
1709 2728 1883 2785 debito,

248 2805 330 2849 che
356 2804 416 2850 mi
450 2805 647 2851 conceda
679 2804 848 2850 listessa
873 2805 1035 2863 bonta,
1059 2817 1104 2851 et
1134 2822 1157 2850 a
1190 2805 1296 2850 tutti
1331 2804 1368 2850 ci
1399 2805 1472 2850 dia
1496 2803 1603 2866 ogni
1629 2814 1755 2849 santa
1778 2819 1880 2866 per—

303 2989 314 3013 ¹
372 2991 549 3028 Andreas
576 2991 830 3037 Lipomanus,
866 2991 968 3036 prior
1000 2991 1267 3027 sanctissimae
1295 2990 1505 3027 Trinitatis.
1535 2985 1666 3040 Epist.
1699 2985 1879 3034 Mixtae,

247 3059 273 3090 t.
295 3063 338 3099 11,
361 3065 446 3100 pag.
473 3055 560 3100 238;
583 3059 607 3090 t.
630 3064 653 3102 1,
676 3065 761 3100 pag.
785 3062 873 3101 571,
897 3062 984 3101 594,
1009 3064 1052 3089 ae
1071 3065 1197 3100 supra,
1221 3054 1257 3088 in
1279 3054 1351 3088 hoe
1371 3054 1460 3098 vol.‚
1482 3054 1591 3099 epist.
1618 3062 1732 3099 1274,
1754 3055 1824 3087 ete.

302 3114 318 3139 2
376 3117 431 3153 Cf.
453 3117 660 3163 POLANCO,
683 3122 707 3153 t.
732 3126 774 3161 11,
798 3127 882 3162 pag.
909 3128 996 3162 211,
1018 3128 1052 3153 n.
1076 3125 1139 3164 95,
1162 3117 1223 3163 96.
