2008 3510
728 270 776 309 25
808 257 1022 296 Oea-omns
1055 270 1071 295 τ
1078 259 1155 308 556
1625 258 1702 309 483

123 366 208 412 tria
233 364 481 430 profectus,
507 365 749 412 Coloniam
777 365 973 410 uenisset
995 376 1040 411 et
1064 363 1200 410 uellet
1227 365 1429 410 Romam
1455 375 1624 427 petere,
1649 365 1756 412 acci-

122 441 193 487 dit
217 452 269 486 ut
299 457 381 486 nos
411 439 640 497 inuiseret,
666 438 870 484 animum
905 455 1040 484 suum
1070 438 1179 484 mihi
1205 438 1448 485 declarans.
1479 438 1628 484 Facile
1657 455 1758 502 per-

121 531 278 560 suasus
303 526 368 560 est
393 525 444 559 ut
467 513 683 559 exercitia
706 511 894 569 faceret,
917 513 1087 576 quibus
1111 524 1415 575 compunctus
1439 524 1484 558 et
1509 514 1678 559 mirum
1711 513 1756 559 in

122 589 314 635 modum
337 600 612 644 commotus,
641 599 796 650 spreto
822 587 1014 643 mund0,
1045 604 1090 633 se
1120 587 1253 633 nobis
1277 587 1484 633 adiunxit
1513 601 1558 633 et
1590 595 1754 634 uotum

121 663 314 726 simplex
338 663 500 720 emisit,
526 679 574 707 ac
598 662 642 707 in
669 673 842 707 tantam
875 662 942 707 sui
978 661 1326 725 resignationem
1358 662 1581 724 peruenit,
1615 674 1666 708 ut
1695 663 1752 709 ad

123 737 313 782 minima
338 753 545 799 quaeque
571 735 719 782 officia
743 752 788 780 se
812 736 1022 781 ostendat
1046 735 1459 797 promptissimum.

188 810 321 857 Alter
343 822 411 856 est
435 811 569 856 huius
592 822 637 856 et
663 811 700 856 F
704 810 885 856 rancisci
914 810 1053 855 nostri
1079 821 1318 872 cognatus,
1345 809 1575 872 Georgius
1606 810 1753 855 nomi-

125 902 195 942 ne,
224 885 402 932 iuuenis
428 886 482 932 16
509 902 751 942 annorum,
777 902 833 931 ex
858 884 996 930 nobili
1023 883 1193 929 familia
1217 884 1455 940 oriundus,
1473 883 1754 929 naturalibus

123 959 298 1021 optime
324 959 524 1016 dotatus,
549 959 605 1004 de
631 975 724 1020 quo
748 974 907 1003 omnes
932 974 1014 1003 nos
1038 974 1254 1020 magnam
1285 973 1413 1019 spem
1445 957 1753 1019 concepimus.

187 1033 375 1079 Tertius
400 1033 656 1079 adolescens
681 1043 748 1078 est
771 1032 1000 1077 decimum
1020 1044 1236 1077 octauum
1256 1047 1396 1093 agens
1415 1047 1603 1088 annum,
1620 1031 1754 1076 Alar—

119 1094 206 1153 dus
232 1107 582 1152 buscoducensis
605 1106 632 1162 ¹,
661 1106 861 1152 honestis
884 1105 1162 1169 parentibUS‚
1183 1116 1228 1151 et
1251 1105 1555 1169 quietissimae
1580 1122 1629 1150 ac
1654 1122 1754 1151 mo—

119 1179 399 1226 destissimae
424 1192 625 1237 naturae,
652 1192 778 1226 totus
804 1197 945 1242 purus
969 1197 1018 1226 ac
1049 1181 1267 1238 sincerus,
1293 1180 1350 1227 ad
1376 1172 1524 1225 mores
1548 1181 1753 1241 magistri

119 1255 398 1300 Theoderici
433 1254 600 1301 Canisii
637 1255 846 1316 proxime
880 1254 1106 1301 accedens.
1142 1254 1252 1300 Hos
1282 1255 1398 1300 duos
1427 1271 1530 1299 cum
1569 1254 1753 1299 Franci-

120 1345 220 1374 scus
247 1340 402 1374 noster
422 1328 706 1374 Hemerolus
726 1345 881 1374 secum
902 1329 959 1374 ad
988 1344 1070 1373 nos
1089 1328 1276 1374 duceret
1300 1338 1352 1373 ut
1367 1328 1606 1373 nobiscum
1627 1328 1754 1374 uiue-

119 1414 234 1459 rent,
260 1403 320 1448 sic
347 1401 541 1448 fratrum
571 1415 840 1448 nostrorum
865 1403 958 1448 uita
981 1413 1027 1447 et
1058 1402 1401 1448 conuersatione
1434 1402 1596 1447 mutati
1630 1417 1752 1460 sunt,

119 1488 172 1522 ut
197 1476 390 1539 saepius,
415 1476 545 1522 flexis
570 1476 766 1539 genibus
790 1477 846 1522 ad
871 1477 1012 1539 pedes
1038 1477 1089 1522 P.
1110 1476 1338 1522 Leonardi
1365 1476 1612 1539 prouoluti,
1630 1487 1754 1538 pete-

118 1561 221 1595 rent
244 1549 422 1595 admitti
450 1562 495 1594 et
519 1549 563 1594 in
591 1549 865 1595 Societatem
897 1550 1053 1612 recipi:
1080 1550 1277 1607 admissi,
1309 1567 1428 1595 nunc
1462 1550 1616 1595 studet
1641 1549 1753 1595 alter

118 1622 311 1669 alterum
338 1623 383 1669 in
409 1622 666 1669 humilitate
692 1635 740 1669 et
763 1623 1023 1670 obedientia
1046 1640 1273 1686 superare.

156 1745 166 1747 ⁴
184 1698 390 1759 Quartus
418 1708 485 1742 est
514 1698 724 1743 sacerdos
748 1697 935 1760 quidam
961 1697 1293 1755 dordracenus,
1319 1696 1535 1742 dominus
1562 1695 1600 1740 F
1603 1695 1751 1740 loren-

116 1770 229 1828 tius,
267 1771 470 1833 magistri
506 1771 726 1828 Gerardi,
759 1771 904 1817 bonae
940 1771 1188 1817 memoriae
1207 1770 1236 1827 2,
1274 1781 1519 1834 cognatus,
1557 1769 1751 1832 simplex

116 1843 248 1890 ualde
274 1856 319 1889 et
342 1844 539 1900 humilis,
565 1857 610 1890 et
635 1861 776 1908 quem
802 1845 1010 1891 Societati
1031 1862 1123 1891 non
1142 1862 1304 1908 parum
1325 1844 1481 1890 utilem
1499 1860 1749 1906 speramus,

116 1919 152 1964 si
177 1918 222 1964 in
248 1918 409 1963 studiis
432 1917 766 1981 aliquantulum
792 1918 941 1965 adhuc
967 1936 1013 1964 se
1036 1930 1254 1967 exerceat.
1280 1918 1572 1981 Diligens-est
1589 1927 1635 1962 et
1653 1928 1748 1963 stu-

114 1991 286 2048 diosus,
311 2002 356 2037 et
386 1991 431 2037 in
458 1993 786 2054 temporalibus
816 1994 921 2039 satis
952 1994 1092 2040 diues,
1129 1993 1222 2039 Iuit
1254 1993 1298 2039 in
1331 1992 1525 2055 patriam
1557 2008 1748 2053 compo-

115 2065 368 2110 nendarum
396 2082 546 2111 rerum
573 2083 757 2112 suarum
785 2083 932 2123 causa,
953 2084 1219 2113 reuersurus
1243 2078 1350 2130 post
1374 2066 1468 2112 dies
1493 2065 1678 2129 aliquot.

181 2138 387 2200 Quintus
410 2151 477 2185 est
500 2139 675 2185 iuuenis
702 2155 763 2186 20
787 2157 1028 2197 annorum,
1058 2157 1195 2204 quem
1221 2140 1355 2186 lectio
1378 2141 1593 2203 sphaerae
1618 2138 1748 2184 nobis

117 2212 309 2274 peperit,
340 2213 570 2260 studiosus
593 2225 638 2259 et
663 2214 943 2260 naturalibus
976 2215 1151 2277 optime
1174 2215 1379 2271 dotatus,
1413 2231 1492 2259 nec
1516 2213 1573 2258 ad
1598 2212 1748 2258 studia

117 2285 302 2334 inutilis.
336 2287 421 2333 Est
451 2288 618 2333 artium
651 2287 988 2346 baccalaureus,
1014 2289 1194 2335 diuinae
1218 2288 1443 2334 uoluntati
1478 2287 1610 2350 plane
1641 2286 1748 2332 resi-

117 2372 308 2424 gnatus;
320 2378 377 2407 ex
396 2361 608 2408 Geldriae
632 2362 813 2408 ciuitate
832 2363 1054 2408 Arnemia
1076 2363 1276 2409 honestis
1300 2361 1565 2425 parentibus
1589 2359 1746 2405 oriun-

118 2435 221 2493 dus,
250 2435 487 2482 Henricus
511 2436 712 2484 nomine.

183 2508 254 2554 Hi
287 2509 491 2573 quinque
526 2509 677 2572 primo
707 2526 814 2556 uere
848 2528 904 2557 ex
937 2510 1132 2558 Colonia
1155 2510 1336 2557 uenturi
1371 2519 1493 2565 sunt,
1522 2507 1602 2553 nisi
1636 2507 1744 2553 alios

115 2582 244 2628 Deus
261 2583 494 2647 adiungat.
528 2584 567 2629 F
569 2585 794 2631 ranciscus
820 2585 1106 2632 Hemerolus
1130 2585 1335 2631 maximo
1357 2594 1537 2630 tenetur
1566 2580 1743 2627 deside-

114 2655 186 2702 rio
209 2656 410 2703 Romam
435 2657 640 2704 similiter
658 2658 990 2722 proficiscendi,
1010 2670 1146 2722 atque
1164 2658 1331 2705 obnixe
1349 2656 1532 2720 rogauit
1551 2655 1600 2701 Ρ.
1622 2655 1743 2701 Leo-

115 2730 312 2777 nardum
328 2743 378 2777 ut
394 2731 434 2777 ei
455 2742 633 2778 tantum
650 2732 825 2779 bonum
840 2732 1127 2780 concedatur.
1146 2732 1304 2794 Quare
1318 2731 1445 2778 iussit
1467 2730 1519 2776 P.
1539 2729 1742 2775 Leonar-

170 2924 183 2948 ¹
242 2928 387 2964 «Alard
423 2928 634 2974 Francken,
673 2928 721 2965 ne
753 2927 776 2965 Ξι
810 2930 1049 2966 Bois-le-duc
1085 2940 1172 2966 vers
1211 2930 1325 2978 1536,
1363 2929 1486 2964 admis
1517 2930 1537 2962 a
1571 2926 1744 2972 Cologne

115 2998 162 3023 en
186 2989 299 3036 1556,
321 2994 420 3025 mort
439 2992 460 3025 a
479 2990 651 3036 Cologne
672 3001 720 3027 en
744 2999 888 3039 1574».
908 2991 1144 3037 DELPLACF„
1164 2987 1191 3028 l.
1212 3002 1259 3037 c.,
1278 3002 1365 3038 pag.
1390 2999 1424 3038 5.

167 3046 184 3072 ²
238 3050 426 3086 Nimirum
449 3051 609 3088 Gerardi
637 3052 819 3089 Brassica
841 3051 1006 3102 (Cools),
1028 3054 1136 3100 cujus
1162 3053 1290 3090 obitus
1309 3056 1484 3089 narratur
1508 3060 1636 3096 supra,
1663 3048 1745 3095 epi-

114 3111 215 3147 stola
237 3112 351 3159 1066,
371 3123 460 3159 pag.
481 3113 531 3160 96
552 3117 589 3150 et
609 3124 714 3161 seqq.
