2014 3528
305 273 383 318 320
770 261 1005 305 EPISTOLAE
1036 261 1281 305 M1xTAE—1
1292 276 1308 305 1
1316 279 1337 317 3
1343 275 1364 317 3

253 387 436 419 manera
461 388 564 434 que,
590 387 670 434 per
694 371 733 417 al
759 382 941 434 present
965 389 993 434 y
1018 388 1100 435 per
1125 371 1261 418 molts
1292 372 1406 428 dies,
1432 371 1607 436 tingam
1633 371 1702 423 aci
1729 382 1889 437 aquest

252 446 457 509 religios,
489 462 661 510 perque
693 462 817 509 puga
845 444 1082 492 fortifficar
1113 446 1152 492 la
1183 446 1450 493 miraculosa
1481 447 1679 494 mutacio
1711 464 1800 512 que
1831 465 1887 494 en

253 521 390 566 molts
415 537 439 565 a
464 518 542 577 fet,
567 531 766 583 sperant,
791 537 892 566 corn
919 538 965 567 es
991 521 1106 567 molt
1124 521 1237 585 just,
1269 522 1325 568 de
1356 522 1419 569 V.
1459 523 1514 569 P.
1549 539 1638 586 que
1662 539 1742 586 per
1766 522 1809 569 lo
1833 522 1890 568 be

251 596 308 641 de
333 606 518 658 aquesta
541 595 683 641 ciutat
707 613 789 642 nos
815 595 911 643 fara
936 607 1003 642 est
1027 613 1056 659 y
1089 596 1256 661 majors
1288 595 1442 642 fauors
1473 613 1501 659 y
1531 608 1889 660 contentament,

251 686 333 732 per
357 669 419 715 les
443 669 709 733 particulars
735 670 1018 734 obligacions
1043 687 1132 735 que
1158 671 1198 717 al
1224 671 1409 718 benefici
1444 671 1560 719 della
1591 689 1618 734 y
1649 671 1719 718 del
1752 687 1890 736 regne

254 744 310 790 V.
344 744 397 792 P.
431 744 490 792 te.
524 744 545 790 I
576 761 631 790 en
662 762 763 791 cara
795 762 885 809 que
920 745 962 791 la
991 762 1182 808 persona
1213 746 1287 793 del
1319 757 1529 792 reuerent
1559 746 1676 793 Pare
1716 746 1890 804 Strada,

253 835 397 880 quens
421 818 559 865 duien
584 820 714 866 venir
739 820 824 879 aci,
851 837 876 883 y
902 838 949 866 sa
973 820 1080 867 vida
1104 821 1338 884 exemplar
1365 839 1392 884 y
1420 820 1568 868 lletres
1591 822 1685 868 sien
1711 833 1788 867 tan
1811 837 1889 880 co-

253 893 455 956 negudes
480 910 537 939 en
560 905 656 940 esta
679 894 836 952 ciutat‚
863 912 923 941 no
948 912 993 941 se
1018 912 1042 941 a
1067 895 1157 941 vist
1180 895 1327 959 aquell
1348 895 1504 959 proffit
1527 912 1556 958 y
1581 895 1730 941 notori
1755 895 1891 942 bene-

251 966 341 1014 fficiv
364 984 422 1015 en
445 967 506 1014 les
531 969 815 1030 concienees,
842 987 945 1016 com
979 969 1035 1015 ab
1069 969 1108 1015 la
1140 970 1394 1032 predicaci6
1425 970 1496 1016 del
1528 969 1641 1016 Pare
1673 969 1891 1016 Remirez

253 1058 298 1088 se
322 1042 498 1101 coneix,
523 1059 603 1106 per
627 1043 672 1090 lo
696 1060 786 1108 que
810 1060 834 1090 a
865 1053 1019 1090 nostre
1051 1044 1226 1106 Senyor
1257 1044 1286 1090 li
1320 1043 1441 1107 plau.
1475 1045 1495 1091 I
1518 1044 1673 1090 'tenint
1697 1060 1777 1107 per
1799 1053 1895 1090 cert

253 1133 342 1180 que
367 1116 423 1163 V.
454 1117 507 1165 P.
535 1135 617 1164 nos
642 1117 740 1165 fara
758 1119 857 1165 Festa
882 1118 1032 1182 gracia
1059 1119 1129 1165 axi
1153 1117 1167 1143 ¹
1193 1119 1437 1182 complida,
1463 1135 1564 1165 com
1586 1118 1627 1164 la
1649 1119 1913 1169 demanam.

250 1191 474 1239 solament
498 1209 580 1256 per
603 1192 643 1239 el
670 1194 725 1239 be
749 1193 954 1257 publich,
982 1211 1041 1241 no
1065 1194 1331 1260 allargarem
1356 1212 1412 1241 en
1436 1206 1503 1241 sta
1529 1211 1622 1241 mes
1646 1195 1702 1241 de
1728 1211 1893 1258 pregar

253 1268 280 1313 a
311 1278 461 1313 nostre
490 1284 656 1331 senyor
687 1269 809 1327 Deu,
845 1268 887 1314 la
917 1269 1025 1315 vida
1055 1269 1126 1316 del
1162 1269 1266 1333 qual
1303 1270 1343 1315 la
1373 1269 1656 1316 sanctissima
1689 1269 1894 1317 Trinitat

255 1356 335 1404 per
360 1342 496 1388 molts
521 1359 631 1403 anys
655 1343 710 1389 ab
735 1343 851 1390 salut
874 1360 1104 1390 conserue.
1128 1344 1202 1390 De
1230 1343 1448 1390 valencia
1467 1361 1492 1389 a
1516 1344 1543 1390 ii
1568 1344 1624 1390 de
1644 1344 1780 1408 Maig
1804 1360 1892 1408 any

255 1417 473 1482 M.D.1..vj.
503 1418 549 1463 A
576 1417 615 1463 la
638 1417 874 1465 ordinacio
899 1418 959 1465 de
983 1418 1039 1465 V.
1069 1419 1130 1466 R.
1160 1418 1212 1465 P.
1240 1431 1479 1482 promptes
1503 1436 1532 1482 y
1558 1419 1807 1482 aparellats‚

963 1519 1058 1565 Los
1095 1536 1281 1579 JURATs
1319 1535 1378 1566 DE
1414 1519 1697 1568 VALENCIA.

320 1645 573 1708 Inscriptio:
598 1644 637 1707 †
661 1644 725 1691 Al
751 1645 865 1692 molt
893 1646 993 1694 R.¹lt
1025 1663 1190 1709 senyor
1215 1664 1243 1710 y
1273 1647 1403 1704 Pare,
1429 1645 1547 1693 frare
1574 1647 1612 1693 F
1615 1646 1828 1694 rancisco.

311 1834 324 1859 ¹
384 1835 451 1874 «P.
477 1835 690 1874 Ramirez...
718 1840 867 1882 tamen,
895 1836 1085 1873 Murciam
1117 1848 1161 1874 ac
1188 1838 1328 1874 deinde
1357 1838 1706 1884 Caesaraugustam
1734 1848 1780 1874 ex
1807 1838 1895 1874 obe-

256 1899 402 1935 dientia
421 1899 460 1935 P.
481 1898 677 1934 Francisei
699 1899 857 1944 missus,
884 1909 962 1935 non
985 1901 1124 1946 exiguo
1147 1901 1281 1936 dolore
1302 1901 1521 1936 valentinos
1542 1901 1688 1947 affecit;
1710 1911 1799 1936 nam
1820 1910 1895 1936 me-

257 1963 384 1998 dicum
402 1967 598 1998 strenuum
617 1963 665 1998 ad
685 1962 805 1997 animi
829 1963 987 1999 morbos
1007 1964 1263 2000 medicandos
1285 1975 1306 2000 a
1327 1975 1366 2000 se
1388 1965 1557 2000 ablatum
1579 1975 1691 2011 aegre
1707 1963 1893 2000 ferebant.

257 2025 491 2062 Consolatus
522 2029 579 2061 est
610 2024 862 2061 nihilominus
893 2035 958 2062 eos
991 2026 1030 2062 P.
1058 2026 1218 2072 Sti-ada,
1247 2026 1519 2073 Provincialis,
1547 2027 1611 2074 qui
1641 2027 1712 2063 sub
1742 2026 1893 2062 initium

256 2090 367 2136 Julii,
395 2090 529 2126 relicta
558 2089 826 2136 Barchinona‚
853 2090 1076 2128 Valentiam
1104 2091 1255 2128 venit».
1286 2091 1502 2138 POLANCO,
1535 2095 1561 2130 t.
1587 2100 1651 2138 VI,
1682 2102 1769 2138 pag.
1803 2099 1892 2139 509,

257 2164 294 2190 n.
317 2162 430 2200 2207,
455 2152 570 2190 2208.
