2014 3528
805 280 849 319 13
879 278 978 314 sum
1015 267 1113 316 1556
1642 279 1715 318 373

146 387 197 423 ut
223 377 278 423 V.
309 377 370 424 R.
396 376 552 421 Deum
578 385 662 438 pro
682 391 754 420 rne
777 374 1059 437 deprecetur,
1084 390 1177 437 quo
1203 373 1370 436 possim
1397 384 1514 420 recte
1540 374 1770 420 ambulare

145 451 190 497 in
215 467 314 497 mea
338 449 575 497 vocatione
599 460 644 495 et
673 449 890 495 memoria
924 447 1245 494 beneficiorum
1273 464 1296 492 a
1331 448 1433 493 Deo
1465 460 1766 512 acceptorum.

143 525 249 586 Jam
276 541 366 571 non
402 524 543 587 plura,
578 535 623 569 et
657 539 729 568 me
764 520 1130 586 indignissimum
1157 519 1302 566 filium
1342 531 1490 566 totum
1518 522 1649 568 trado
1685 522 1769 567 sub

147 609 294 644 vestra
314 597 327 624 ¹
352 610 397 644 et
423 598 550 643 Deus
575 597 632 643 sit
658 596 895 642 nobiscum
928 605 1166 658 perpetuo.
1193 595 1370 640 Datum
1405 596 1577 659 Pragae
1603 611 1629 657 3
1659 597 1771 643 Idus

142 672 254 732 Julii
288 672 420 734 1556.
450 671 603 718 Etiam
628 684 763 735 atque
787 670 921 715 etiam
947 686 1030 714 oro
1057 685 1141 732 pro
1167 668 1274 714 lacte
1299 669 1534 731 spirituali,

428 763 719 809 FL0R1ANus
755 762 981 817 snmus,
1007 752 1347 824 indignissimus
1371 772 1517 806 vester
1543 761 1671 807 filius.

212 859 464 929 Inscriptio}
502 865 776 912 Reuerendo
802 864 944 919 DnO.,
970 879 1073 908 meo
1101 862 1224 909 Patri
1252 862 1448 926 Ignatio,
1473 863 1529 909 de
1554 864 1773 909 Societate

145 941 272 1001 Jesu,
302 940 492 986 Romae.

890 1087 1031 1123 1155

348 1175 488 1212 JOAN.
520 1175 666 1212 LAUR.
696 1174 983 1212 PATARINUS
1014 1173 1077 1210 ET
1104 1174 1246 1212 JOAN.
1276 1174 1577 1211 MORTAIGNE

468 1264 679 1332 PATRI
722 1263 1013 1310 IGNATIO
1050 1263 1143 1309 DE
1179 1262 1462 1310 LOYOLA

552 1359 704 1386 ASCULO
734 1359 777 1385 IN
808 1359 955 1386 ΡιεεΝο
988 1360 1032 1398 13
1063 1358 1166 1394 JULn
1198 1348 1300 1398 1556
1328 1345 1360 1388 ².

513 1446 642 1483 Piceni
681 1446 824 1493 oppida
861 1457 947 1483 cum
987 1446 1111 1483 fructu
1147 1451 1411 1493 peragrantur.

957 1551 980 1586 †

907 1587 1005 1648 Jhs.

222 1690 318 1738 Pax
343 1689 435 1747 Xi„
459 1702 541 1736 etc.
568 1689 724 1736 Molto
746 1689 867 1736 Rdo.
890 1690 934 1736 in
955 1690 1141 1737 Christo
1163 1690 1325 1738 Padre.
1355 1690 1600 1737 Essendoci
1621 1707 1777 1736 occor-

152 1782 203 1812 so
234 1778 393 1828 questa
423 1765 724 1829 opportunitzi
745 1762 798 1812 *di
831 1765 1055 1811 scriuer'a
1085 1766 1143 1813 V.
1179 1767 1235 1812 R.
1263 1766 1332 1824 P.,
1364 1782 1454 1812 non
1484 1766 1510 1811 l'
1534 1765 1778 1811 habbiamo

89 1870 91 1872 ·
155 1840 314 1886 uoluto
335 1841 536 1903 perdere.
567 1840 656 1886 Per
680 1851 809 1886 tanto
833 1842 932 1899 sard
956 1840 1126 1886 auisata
1150 1840 1314 1903 quella,
1345 1857 1475 1886 come
1506 1858 1586 1903 per
1617 1840 1777 1887 ordine

151 1914 224 1961 del
251 1926 407 1960 nostro
435 1915 554 1960 Rdo.
581 1914 728 1960 Padre
752 1926 895 1960 rettor
915 1914 930 1939 ³
954 1927 999 1961 et
1024 1926 1302 1978 gouernator
1322 1914 1336 1939 ⁴
1360 1915 1393 1960 si
1420 1915 1687 1977 partessimo
1705 1914 1774 1959 alli

152 1982 180 2051 {3
207 1989 268 2036 dil
294 2000 500 2052 presente
525 1989 552 2035 il
580 1990 632 2037 P.
656 1990 731 2051 J0:
761 1990 1048 2053 Mortagnes,
1078 1990 1149 2037 M.
1178 1990 1428 2037 Francesco
1454 1991 1592 2049 Diaz,
1624 1991 1778 2036 diaco-

153 2082 228 2123 no,
252 2081 276 2110 e
292 2066 345 2128 jo
369 2081 455 2110 con
481 2064 564 2122 lor,
585 2066 705 2110 accio
732 2065 986 2111 uenessimo
1011 2065 1056 2111 in
1078 2065 1248 2123 Ascoli,
1269 2082 1350 2127 per
1374 2064 1443 2112 far
1468 2065 1612 2111 alcun'
1634 2064 1779 2111 frutto

153 2140 195 2186 in
222 2140 351 2186 vinea
377 2140 568 2186 Domini
594 2140 639 2186 in
664 2152 822 2204 questa
846 2141 950 2187 cita.
980 2140 1090 2186 Cosi
1118 2157 1197 2202 per
1226 2141 1253 2186 il
1280 2141 1431 2203 viagio
1459 2140 1779 2204 predic'assimo

152 2215 195 2261 in
226 2215 396 2261 Monte
421 2215 576 2271 Santo,
601 2215 720 2261 doue
751 2215 850 2261 hor'
871 2215 906 2260 si
939 2215 1109 2260 ritroua
1140 2215 1168 2261 il
1206 2228 1361 2262 nostro
1398 2216 1448 2263 P.
1483 2215 1639 2262 Dauid
1670 2226 1716 2261 et
1752 2215 1779 2260 il

154 2289 333 2336 fratello
368 2290 610 2338 Diomede.
647 2291 729 2336 Poi
765 2290 1017 2336 venessimo
1047 2307 1071 2335 3
1106 2291 1290 2348 Fermo,
1325 2291 1444 2337 doue
1477 2289 1780 2353 allogiassimo

153 2365 224 2411 nel
244 2377 503 2421 vescouato,
526 2381 710 2427 apresso
726 2364 754 2410 il
773 2365 955 2427 signore
980 2365 1161 2421 vicario,
1188 2365 1215 2410 il
1237 2364 1340 2427 qual
1357 2381 1441 2410 con
1462 2365 1633 2428 grande
1653 2381 1781 2409 amor

153 2440 189 2485 ci
217 2450 435 2496 receuete,
461 2451 506 2484 et
530 2439 589 2485 iui
616 2437 852 2485 facessimo
880 2439 918 2484 la
943 2439 1228 2496 domenicha,
1253 2456 1333 2503 per
1357 2439 1516 2485 ordine
1541 2439 1586 2484 di
1611 2439 1652 2485 S.
1681 2438 1781 2496 Sfia,

159 2530 246 2559 vna
271 2513 484 2576 predicha
516 2513 584 2558 nel
613 2514 803 2571 duomo,
829 2513 948 2577 qual,
976 2530 1056 2576 per
1089 2513 1195 2577 quel
1218 2514 1300 2559 che
1332 2513 1579 2576 potessimo
1610 2530 1781 2576 cogno-

156 2605 292 2645 scere,
321 2588 347 2633 li
374 2586 421 2634 fu
448 2600 590 2652 grata,
615 2601 660 2634 et
678 2588 738 2634 iui
758 2588 1071 2651 insignassimo
1097 2588 1267 2634 anchor
1288 2587 1327 2633 13
1350 2587 1558 2634 doctrina
1582 2587 1782 2633 christia-

159 2679 215 2708 na
239 2679 319 2725 per
343 2673 410 2707 tre
435 2662 597 2725 giorni,
623 2674 667 2707 et
698 2661 1019 2708 confessasimo
1044 2661 1200 2708 alcune
1226 2679 1436 2725 persone,
1472 2662 1634 2708 stando
1668 2678 1783 2707 sern-

158 2752 238 2799 pre
270 2735 352 2781 alle
381 2751 509 2797 spese
544 2735 605 2781 dil
640 2736 816 2782 vicario.
856 2737 942 2782 Ma
974 2736 1137 2799 perche
1170 2736 1422 2783 uedessimo
1460 2737 1564 2799 (per
1597 2753 1715 2782 esser
1747 2735 1784 2780 la

158 2809 248 2855 εἰπὲ.
272 2809 433 2872 piciola
458 2820 502 2854 et
527 2807 554 2853 il
575 2820 732 2871 tempo
759 2826 849 2855 non
869 2820 1038 2872 troppo
1063 2809 1277 2867 comodo,
1303 2809 1492 2871 rispetto
1513 2808 1596 2854 3113
1621 2808 1785 2854 racolta

216 2963 229 2989 ¹
286 2965 408 3003 Adest
427 2965 512 3001 heic
533 2965 689 3001 verbum
712 2966 814 3012 quod
834 2966 960 3012 legere
981 2965 1237 3012 nequivimus.

215 3025 232 3050 ²
286 3028 344 3065 Ex
364 3027 543 3075 originali
565 3027 603 3063 in
624 3028 702 3065 vol.
724 3027 770 3077 F,
792 3027 935 3074 duplici
958 3027 1034 3072 fol„
1057 3038 1096 3066 n.
1120 3037 1206 3075 193,
1228 3028 1332 3075 prius
1352 3028 1415 3072 64.

217 3088 232 3114 ³
290 3091 479 3129 Oliverius
500 3091 718 3129 Manareus.
1113 3102 1118 3107 ·

221 3152 233 3177 ⁴
291 3154 442 3201 Gaspar
460 3155 606 3200 Doctis,
627 3154 749 3191 almae
770 3154 906 3191 domus
926 3154 1147 3190 lauretanae
1168 3154 1414 3200 gubernator.
