2008 3510
696 265 747 304 30
777 255 944 292 Apiums
983 264 1079 304 1551
1576 261 1650 300 723

138 360 365 423 Superiori
394 375 546 406 mense
570 359 722 422 scripsi
758 360 814 406 de
846 357 999 406 fructu
1032 359 1134 423 qui,
1170 356 1351 404 favente
1378 357 1505 415 De0,
1531 373 1588 403 ex
1612 355 1706 403 fra-

75 447 198 481 trum
231 434 626 481 exhortationibus
657 447 701 481 et
732 435 832 481 zelo
865 434 1133 481 subsecutus
1163 433 1241 491 sit,
1273 433 1329 479 ad
1360 449 1497 496 quem
1528 433 1709 479 accessit

75 510 201 574 quod
230 509 393 555 missus
415 509 601 573 quidam
629 507 784 568 frater,
820 510 1004 556 nomine
1038 507 1278 556 Gonzalus
1304 508 1532 565 Alvarez,
1557 507 1600 553 in
1626 525 1708 571 op—

78 583 238 646 pidum
259 583 510 647 quoddam,
532 583 676 629 tribus
702 583 968 629 milliaribus
994 584 1178 639 distans,
1198 595 1249 628 ut
1270 599 1433 644 pueros
1459 582 1712 627 institueret

78 659 354 720 doceretque
381 657 468 702 Dei
495 670 748 720 praecepta;
777 674 869 702 non
894 658 1041 703 solum
1063 674 1085 702 a
1106 657 1276 719 pueris,
1294 673 1494 719 quorum
1515 655 1713 701 maxima

79 731 295 778 convenit
329 731 578 778 multitudo
618 743 663 777 et
694 732 737 777 in
770 732 867 777 dies
909 732 1068 788 maior,
1110 731 1186 777 sed
1222 747 1243 779 a
1277 730 1452 776 civibus
1493 730 1629 776 etiam
1669 742 1714 775 et

84 806 395 853 sacerdotibus
437 822 606 868 magno
649 806 785 852 animi
827 803 992 852 affectu
1028 805 1265 868 excipitur.
1303 804 1517 868 Cumque
1557 804 1716 850 diebus

82 882 343 939 dominicis,
378 881 546 945 quibus
576 880 725 927 solum
758 893 947 944 propter
978 881 1228 926 litterarum
1262 879 1465 925 studium
1497 879 1542 925 id
1573 876 1716 924 facere

85 957 202 1014 licet,
229 957 352 1003 vicos
378 968 630 1019 percurrat,
658 955 841 1018 pulsans
867 955 1226 1001 tintinnabulum
1256 966 1306 1000 ut
1325 970 1488 1017 pueros
1512 954 1556 999 in
1580 953 1718 1000 eccle-

85 1033 196 1079 siam
243 1043 487 1089 convocet,
532 1048 623 1077 non
665 1030 813 1077 solum
859 1031 1012 1094 pueri,
1056 1030 1132 1077 sed
1176 1031 1507 1096 cujuscumque
1548 1029 1721 1075 ordinis

85 1107 292 1153 homines
326 1107 547 1152 laetanter
573 1105 799 1169 templum
827 1116 1001 1169 petunt.
1028 1105 1127 1151 Ubi
1152 1105 1268 1167 ipse,
1295 1116 1542 1167 postquam
1573 1103 1722 1167 aliqua

86 1182 129 1227 in
166 1180 441 1244 exponendo
472 1180 623 1244 aliquo
659 1192 900 1243 praecepto
933 1179 1116 1226 adducit
1141 1178 1431 1224 ad.omnium
1460 1177 1721 1233 utilitatem,

87 1256 486 1320 pueris-orationes
510 1266 555 1301 et
579 1266 873 1318 praeceptum
899 1254 1075 1317 saepius
1099 1254 1312 1310 inculcat3
1329 1264 1623 1316 praeceptum
1644 1268 1724 1297 au-

89 1342 181 1377 tem
212 1329 362 1393 (quod
391 1340 436 1375 et
460 1328 516 1374 ab
543 1327 638 1374 aliis
663 1327 881 1374 fratribus
905 1327 998 1374 fieri
1024 1327 1203 1390 scripsi)
1231 1327 1366 1373 etiam
1392 1343 1551 1373 canere
1575 1325 1724 1383 docet,

89 1405 216 1468 quod
250 1402 510 1450 faciendum
535 1402 826 1468 judicarunt,
859 1414 958 1448 tum
991 1413 1042 1448 ut
1067 1418 1318 1464 puerorum
1352 1401 1555 1446 animum
1583 1400 1726 1463 magis

91 1479 341 1535 allicerent,
367 1478 468 1541 qui,
493 1477 650 1523 saltem
678 1477 721 1522 in
759 1477 839 1522 hac
871 1476 1078 1539 regione,
1111 1493 1244 1539 aegre
1274 1475 1526 1522 admodum
1553 1475 1726 1537 potuis-

91 1565 192 1599 sent
215 1552 341 1598 aliter
366 1551 624 1615 persuaderi
647 1562 698 1596 ut
719 1568 764 1596 se
785 1551 956 1596 institui
980 1562 1256 1613 paterentur,
1277 1562 1375 1596 tum
1396 1549 1502 1613 quia
1520 1548 1728 1596 cantibus

93 1627 355 1692 hujusmodi
394 1639 551 1690 postea
593 1643 673 1689 per
714 1626 837 1672 vicos
869 1637 913 1671 et
945 1625 1114 1688 plateas
1146 1637 1329 1688 patrum
1369 1642 1497 1670 aures
1536 1623 1728 1688 replent,

92 1703 259 1767 quibus
305 1703 612 1749 admonentur
652 1701 764 1765 quid
811 1700 1064 1747 tenendum
1118 1700 1478 1757 servandumve,
1525 1699 1728 1764 quidque

93 1779 361 1836 vitandum,
391 1778 425 1823 si
457 1777 711 1823 animarum
743 1794 929 1823 suarum
961 1776 1092 1822 saluti
1123 1776 1358 1823 consulere
1385 1775 1540 1834 velint,
1567 1787 1612 1821 et
1643 1774 1731 1822 sub

94 1851 266 1900 Christi
310 1851 478 1898 vexillo
519 1851 722 1897 militare.
768 1851 912 1897 Multi
955 1851 1026 1897 alii
1057 1849 1218 1897 fratres
1249 1851 1292 1897 in
1327 1851 1460 1897 variis
1501 1849 1728 1906 ecclessiiS,

94 1944 210 1991 quae
235 1943 380 1990 prope
405 1938 532 1982 sunt,
558 1926 645 1976 hoc
672 1925 824 1988 ipsum
857 1924 1053 1982 faciunt,
1086 1941 1144 1971 ex
1176 1943 1291 1989 quo,
1324 1937 1579 1988 praestante
1603 1925 1728 1981 Deo,

97 2019 187 2048 non
219 2017 387 2064 parvus
422 1999 599 2046 fructus
632 1999 870 2045 animabus
910 1999 1183 2063 decerpitur.
1216 1999 1341 2046 Nam
1373 1999 1490 2045 inter
1522 1999 1630 2057 alia,
1673 1998 1729 2045 ad

94 2086 480 2122 sacramentorum
514 2074 852 2120 venerationem
880 2085 925 2120 et
957 2091 1089 2120 usum
1131 2075 1444 2138 maximopere
1476 2090 1729 2137 provocan-

97 2162 192 2207 tur3
219 2165 298 2195 nec
322 2148 486 2195 dubito
510 2148 621 2212 quin
646 2148 836 2211 singulis
862 2148 1092 2194 mensibus
1114 2148 1183 2194 vel
1204 2149 1338 2195 etiam
1366 2147 1730 2194 hebdomadibus

98 2240 236 2287 quam
256 2223 440 2286 plurimi
458 2223 514 2269 ad
533 2233 822 2285 peccatorum
842 2221 1177 2287 confessionem
1203 2236 1249 2270 et
1268 2222 1532 2269 venerabilis
1557 2221 1733 2268 Christi.

98 2298 301 2360 corporis
325 2297 635 2360 sumptionem
661 2308 808 2343 essent
832 2297 1067 2354 accessuri,
1091 2298 1124 2344 si
1145 2299 1433 2346 sacerdotum
1459 2297 1612 2361 inopia
1636 2309 1727 2353 aut,

100 2385 151 2418 ut
174 2373 324 2418 verius
349 2388 497 2435 agam,
524 2371 733 2434 tepiditas
758 2371 802 2417 id
828 2383 1076 2434 pateretur.
1098 2371 1173 2418 Ne
1192 2390 1301 2419 vero
1324 2389 1483 2419 eorum
1510 2371 1730 2418 desideria

99 2447 290 2492 omnino
321 2445 662 2502 frustrarentur,
689 2445 826 2508 aliqui
858 2443 1018 2491 fratres
1049 2446 1093 2491 in
1118 2447 1323 2504 ecclesiis,
1350 2448 1404 2493 ad
1432 2463 1543 2509 quas
1567 2445 1729 2491 diebus

99 2520 340 2567 dominicis
364 2532 583 2583 pergunt,
609 2531 868 2564 statuerunt
890 2530 943 2564 ut
971 2520 1160 2583 singulis
1189 2521 1348 2567 diebus
1373 2519 1610 2566 dominicis
1633 2536 1728 2565 cer-

101 2605 174 2639 tus
198 2594 438 2640 hominum
467 2609 707 2649 numerus,
733 2591 850 2638 facta
875 2593 1170 2653 confessione,
1195 2612 1361 2658 corpus
1384 2594 1552 2640 Christi
1578 2609 1727 2639 sume—

99 2679 188 2725 ret,
221 2685 336 2732 quo,
369 2667 463 2713 aliis
495 2667 862 2722 succedentibus,
897 2667 1107 2714 revoluto
1132 2669 1284 2733 aliquo
1315 2669 1532 2732 temporis
1561 2667 1723 2732 spatio,

101 2887 188 2914 men
210 2876 325 2922 facta,
346 2886 444 2922 quae
466 2878 609 2920 narrat,
631 2884 733 2910 anno
759 2882 854 2921 1551
888 2875 1113 2922 contigisse,
1135 2877 1287 2914 aliunde
1315 2879 1467 2915 scimus.
1493 2878 1613 2925 Igitur
1637 2890 1723 2915 cum

102 2940 149 2974 de
169 2939 264 2985 illis,
283 2942 326 2974 ut
351 2947 485 2973 recens
511 2936 625 2981 actis,
647 2935 838 2982 Ignatium
859 2937 1059 2973 certiorem
1085 2937 1208 2975 facere
1226 2941 1306 2976 suis
1331 2941 1469 2976 litteris
1489 2941 1647 2977 Barreto
1669 2941 1722 2977 in-

101 3002 252 3047 tendat,
274 3000 474 3037 conficitur
500 2999 589 3034 inde
616 2998 817 3044 epistolam
846 3008 892 3034 ex
918 2998 1060 3035 Sancto
1080 2999 1226 3045 Felice,
1246 3003 1312 3038 ubi
1340 3002 1531 3038 sociorum
1556 3003 1720 3048 colonia,

102 3064 344 3100 moderatore
372 3063 482 3098 Patre
512 3061 709 3106 Godinho,
736 3061 977 3107 versabatur,
1003 3072 1054 3108 30
1081 3062 1226 3108 Aprilis
1254 3074 1351 3113 1551
1383 3065 1540 3101 missam
1571 3065 1720 3111 Ignatio

102 3125 387 3163 fuisse.-Vide
408 3125 577 3171 ejusdem
600 3123 758 3159 Bari-eto
777 3123 934 3170 litteras,
953 3125 1083 3170 paullo
1105 3130 1192 3162 ante
1211 3129 1370 3174 positas,
1391 3138 1428 3165 n.
1453 3127 1566 3175 1296.
