2066 3516
334 262 408 312 146
799 260 1034 300 EPISTOLAE
1063 262 1395 313 M1x‘rAE——1077

275 367 393 414 oltra
418 379 597 431 questo,
623 367 667 413 io
697 383 789 413 non
817 367 967 430 potria
996 367 1258 415 dissimular
1283 368 1442 417 alcune
1472 387 1575 417 cose
1600 370 1683 416 che
1709 370 1753 416 io
1778 371 1917 429 vedo,

275 454 320 489 et
345 443 389 489 io
415 454 539 488 temo
558 442 641 488 che
666 459 758 488 non
783 442 817 488 si
842 443 1056 506 potriano
1082 444 1249 490 mutar’
1269 460 1406 490 senza
1431 444 1691 491 turbatione
1715 444 1761 491 di
1787 446 1915 510 qual-

274 516 504 574 cheduno,
535 526 580 561 et
609 532 704 562 non
734 533 848 562 sono
879 516 924 563 di
956 527 1083 563 tanta
1112 517 1425 580 importanza,
1451 519 1534 565 che
1567 519 1752 582 possino
1782 522 1917 566 esser*

275 591 510 637 occasione
528 590 573 636 di
599 589 762 637 alcuno
789 590 988 637 notabile
1011 591 1237 648 scandalo;
1257 592 1361 638 anzi
1386 592 1430 639 io
1449 609 1568 656 vego
1588 594 1671 639 che
1697 593 1724 639 il
1749 593 1915 658 Signor

277 666 333 710 ha
366 675 493 710 tanta
526 681 634 710 cura
667 665 714 712 di
749 665 846 722 noi,
881 665 963 711 che
995 666 1106 728 ogni
1139 682 1244 712 cosa
1275 667 1554 713 conuertisse
1587 668 1632 713 in
1668 667 1798 715 bene.
1838 668 1916 714 Mi

275 755 519 785 occorreua
544 738 627 784 che
660 739 720 786 V.
749 739 811 786 R.
837 739 888 786 P.
923 740 1077 803 potria
1108 739 1205 786 dar’
1231 740 1464 787 authorita
1498 757 1521 787 a
1557 739 1650 788 M.⁰
1686 742 1843 788 Pietro
1869 743 1915 788 di

275 813 602 870 commissario,
627 831 656 859 ο
682 815 727 861 di
752 814 953 861 ordinar'
979 814 1131 878 quello
1156 814 1240 861 che
1272 814 1300 860 li
1331 816 1490 878 parera
1523 816 1706 878 meglio,
1737 827 1918 862 mentre

275 887 357 934 che
382 889 502 934 stara
527 888 627 952 qui;
653 889 805 951 depoi,
830 889 1021 935 essendo
1047 890 1271 935 ritornato
1298 906 1482 952 apresso
1509 890 1567 936 V.
1601 891 1681 947 R.‚
1707 892 1843 953 potra
1868 891 1913 937 di

276 962 422 1008 bocha
457 961 642 1008 referire
678 962 831 1027 quello
866 963 951 1009 che
988 962 1158 1010 hauera
1194 965 1335 1021 visto;
1368 976 1413 1010 et
1448 963 1607 1010 alhora
1644 965 1701 1011 V.
1743 965 1804 1011 R.
1848 965 1918 1022 Ρ.,

273 1036 594 1099 cognoscendo
613 1035 782 1099 meglio
809 1035 850 1082 le
873 1053 989 1093 cose,
1014 1037 1229 1083 ordinara
1254 1054 1279 1082 a
1304 1038 1515 1100 maggior
1538 1037 1683 1101 gloria
1707 1037 1752 1083 d'
1780 1037 1919 1084 Iddio

273 1111 383 1174 ogni
414 1127 532 1157 cosa.
566 1110 678 1156 Non
711 1110 867 1174 voglio
891 1111 989 1158 dar'
1015 1128 1176 1175 parere
1206 1129 1234 1157 o
1267 1112 1397 1175 legge
1430 1129 1455 1158 a
1482 1112 1544 1160 V.
1574 1113 1632 1158 R.
1665 1113 1740 1170 Ρ.,
1766 1113 1811 1159 ni
1837 1130 1914 1159 an-

274 1185 414 1230 chora
445 1183 560 1248 fugo
596 1184 626 1230 il
657 1185 920 1248 trauaigli03
957 1202 1031 1231 ma
1062 1202 1143 1249 per
1178 1185 1218 1231 la
1252 1187 1342 1232 mia
1375 1186 1693 1232 insufficientia
1726 1197 1853 1233 temo
1886 1187 1916 1232 il

275 1277 398 1323 peso.
428 1260 537 1306 Pur’
569 1259 613 1306 io
644 1259 829 1306 confido
854 1260 937 1306 che
972 1261 1031 1308 V.
1067 1262 1147 1319 R.,
1179 1261 1570 1324 cognoscendomi
1604 1260 1748 1307 molto
1780 1261 1919 1317 bene,

276 1352 368 1381 non
395 1335 459 1381 mi
483 1336 671 1398 cargara
701 1334 781 1398 piu
806 1334 852 1381 di
878 1334 1032 1398 quello
1054 1336 1137 1381 che
1162 1338 1301 1398 potro
1327 1335 1515 1399 portar';
1541 1353 1570 1382 o
1595 1336 1916 1399 cargandome‚

277 1410 339 1457 mi
365 1410 613 1473 impetrarit
639 1409 678 1455 le
703 1408 851 1468 forze,
876 1409 949 1456 del
974 1409 1170 1474 signore.
1201 1410 1239 1456 F
1243 1411 1488 1457 inalmente
1512 1427 1601 1473 ego
1626 1427 1786 1457 seruus
1811 1422 1919 1456 tuus

277 1496 323 1531 et
354 1484 473 1531 filius
504 1484 689 1531 ancillae
719 1495 845 1542 tuae,
871 1483 900 1529 il
926 1485 1059 1548 quale
1090 1501 1235 1548 prego
1266 1486 1400 1530 esser'
1427 1485 1805 1531 racommandato
1836 1484 1923 1530 alle

278 1576 359 1605 sue
383 1570 509 1605 sante
533 1558 746 1605 orationi.
774 1560 943 1605 Arnen.

345 1634 409 1680 Di
436 1633 616 1679 Louain
642 1632 712 1678 alli
740 1645 798 1693 27
826 1632 872 1679 di
898 1631 1159 1679 Decembre
1192 1646 1311 1695 1555
1335 1633 1362 1680 ¹.
1390 1634 1452 1679 Di
1481 1633 1540 1680 V.
1572 1634 1633 1683 R.
1660 1633 1710 1680 P.
1739 1632 1922 1690 inutile,

1129 1724 1410 1771 BERNARDO
1452 1725 1722 1772 OLIUERIO.

346 1837 601 1898 suscriptio:
629 1835 661 1895 {-
688 1835 749 1880 Al
777 1834 921 1880 molto
947 1834 1072 1880 Rdo.
1098 1834 1142 1879 in
1167 1834 1254 1881 X.⁰
1281 1835 1452 1893 Padre,
1480 1835 1509 1881 il
1539 1836 1591 1882 P.
1618 1835 1712 1882 M.⁰
1737 1835 1924 1899 Ignatio

281 1913 338 1959 de
365 1910 558 1974 Loyola,
584 1909 819 1973 preposito
844 1909 1052 1972 generale
1076 1909 1194 1956 della
1212 1909 1504 1973 Compagnia
1527 1910 1573 1956 di
1597 1910 1729 1970 Jesu,
1749 1921 1849 1966 etc„
1874 1909 1919 1955 in

286 1988 450 2032 Roma.
488 1986 598 2032 Alia
633 2001 789 2031 manu:
835 1984 954 2046 1556
995 1984 1121 2047 (sic).
1161 1985 1390 2031 Louanio.
1434 1985 1497 2030 Di
1538 1986 1650 2032 Μ.“”ο
1686 1985 1921 2031 Bernardo

283 2060 508 2107 Oliuerio.
545 2075 605 2121 29
639 2059 747 2122 (sic)
782 2059 827 2105 di
862 2058 1136 2106 Decembre.
1172 2058 1268 2105 R.ta
1301 2058 1370 2104 alli
1412 2062 1464 2104 18
1501 2059 1546 2105 di
1585 2057 1754 2107 Genn.⁰
1788 2057 1924 2105 Delle

284 2134 501 2198 prediche
525 2133 570 2180 di
599 2133 710 2181 Μ.το
736 2132 946 2180 Ribad.ra
966 2131 982 2157 ²

339 2290 351 2315 ¹
409 2293 517 2328 Prius
548 2291 702 2338 quidem
733 2290 917 2336 scriptum
950 2289 1073 2326 fuerat
1100 2286 1230 2340 1556,
1258 2294 1394 2336 postea
1420 2301 1513 2326 vero
1539 2300 1721 2326 numerus
1747 2290 1769 2326 6
1798 2289 1924 2326 factus

286 2360 343 2391 est
366 2364 400 2402 5;
423 2358 459 2390 et
480 2365 573 2390 sane
595 2363 696 2389 anno
720 2361 820 2401 1555
845 2357 1040 2389 exaratam
1062 2352 1180 2389 fuisse
1203 2353 1405 2399 epistolam
1427 2353 1672 2399 perspicuum
1689 2356 1759 2398 est,
1773 2356 1855 2388 tum
1876 2362 1923 2388 ex

285 2418 407 2463 ipsius
434 2420 675 2464 argumento,
703 2419 785 2452 tum
812 2426 859 2451 ex
883 2426 1061 2462 persona,
1083 2415 1144 2452 cui
1172 2415 1395 2452 mittebatur
1415 2415 1603 2461 (Ignatius
1631 2415 1733 2451 enirn
1759 2425 1802 2461 3¹
1830 2415 1922 2451 Julii

289 2481 388 2528 1556
410 2478 606 2529 decessit),
633 2483 714 2521 tum
735 2478 826 2525 quia
853 2478 1019 2524 epistola
1038 2479 1081 2516 P.
1104 2478 1372 2524 Rivadeneira,
1396 2479 1443 2514 ad
1465 2489 1580 2525 quam
1599 2488 1783 2525 praesens
1803 2478 1923 2515 refer-

285 2549 356 2588 tur,
380 2543 481 2579 diem
502 2541 725 2589 scriptionis
743 2541 910 2587 praefert
932 2542 979 2577 26
999 2541 1225 2577 Decembris
1250 2548 1365 2588 1555.

338 2603 355 2628 2
410 2605 515 2641 Nihil
529 2605 576 2641 de
592 2603 832 2640 orationibus
846 2603 968 2639 Patris
981 2603 1247 2648 Rivadeneira,
1263 2603 1423 2638 Lovanii
1441 2602 1595 2650 habitis,
1613 2603 1652 2639 in
1667 2603 1741 2639 hac
1757 2603 1922 2649 epistola

287 2668 499 2714 attingitur;
522 2673 559 2703 at
580 2668 702 2703 multa
722 2667 769 2702 de
790 2666 867 2702 illis
886 2666 1094 2712 scripserat
1115 2665 1308 2702 Oliverius
1328 2665 1368 2701 in
1386 2666 1463 2702 alio
1480 2665 1573 2702 folio
1591 2667 1763 2713 ejusdem
1780 2665 1924 2712 episto-

285 2731 359 2775 lae,
380 2740 539 2766 numero
563 2739 652 2775 203,
680 2728 784 2775 quod
810 2732 942 2764 nostro
972 2739 1048 2773 204
1074 2728 1268 2764 adhaeret.
1296 2727 1397 2764 Illud
1422 2739 1514 2764 vero
1541 2739 1621 2764 non
1648 2729 1809 2774 edimus,
1832 2727 1931 2774 quia

280 2795 362 2840 jam
384 2793 431 2828 ab
455 2793 541 2829 aliis
562 2780 783 2838 evulgatum
805 2795 876 2827 est.
899 2780 999 2826 Vide
1023 2787 1184 2829 Cartas
1203 2786 1255 2828 de
1275 2786 1364 2829 San
1386 2787 1580 2840 Ignaczo,
1603 2795 1627 2828 t.
1642 2799 1701 2838 VI,
1721 2801 1812 2838 pag.
1829 2791 1922 2838 561
