2008 3510
309 226 387 282 464
772 227 1008 270 EPISTOLAE
1037 229 1260 272 ΜῙΧΤΑΕ-
1269 240 1284 270 1
1295 243 1311 271 1
1319 241 1369 283 94

257 337 368 383 tanti
395 337 583 400 trauagli
609 348 654 383 et
693 338 908 384 contrasti
935 338 1007 386 del
1041 339 1258 386 demonio
1282 339 1364 385 che
1387 355 1433 384 se
1463 338 1523 402 gli
1556 338 1580 384 ὲ
1612 338 1884 402 interposto‚

256 422 416 475 questo
440 410 613 475 colegio
638 412 792 459 sarebe
817 430 908 459 non
933 413 1138 477 Colegio.
1170 413 1256 459 Per
1279 413 1350 459 cio
1376 413 1570 459 diciamo
1590 424 1635 459 et
1654 413 1885 460 crediamo

255 487 350 533 chel
377 486 558 549 signore
584 486 686 533 Idio
709 487 808 533 abia
832 488 1039 551 prouisto
1064 489 1108 535 di
1128 505 1209 534 sua
1234 488 1399 545 Rev.³,
1419 487 1583 550 perche
1602 487 1717 533 cossi
1737 504 1811 533 era
1828 488 1885 534 de

257 560 463 624 bisogno.
495 560 581 606 Per
602 561 874 608 concludere
893 562 1108 626 adunque
1127 572 1289 626 questo
1310 561 1670 625 ragionarnento,
1690 562 1887 610 diciamo.

255 652 279 680 a
302 634 361 682 V.
392 635 468 692 R„
492 635 574 681 che
600 653 654 682 ne
680 653 786 699 pare
812 653 903 683 non
928 638 1025 683 solo
1049 637 1172 694 vtile,
1199 654 1271 682 ma
1297 636 1521 682 necesario
1546 636 1584 682 el
1619 635 1786 683 lasciar’
1805 637 1883 700 qui

255 708 363 755 deto
391 708 552 765 Padre,
591 709 692 755 anzi
728 709 761 755 si
788 709 912 756 dicea
944 710 1002 756 da
1032 710 1258 773 principio
1289 719 1463 774 quanto
1493 709 1563 756 alo
1595 709 1807 773 imparar’
1827 710 1884 756 de

256 782 377 846 puti‚
404 783 437 828 si
464 781 606 829 farian
631 784 778 847 poche
803 782 1011 841 facende,
1038 797 1082 830 et
1109 784 1375 831 aduceuano
1394 795 1552 847 questa
1571 783 1779 847 ragione,
1797 800 1881 830 con

255 857 365 914 dire,
386 857 469 903 che
493 857 521 903 li
547 858 725 904 maestri
751 858 785 905 si
812 869 1021 917 mutano,
1045 876 1069 904 e
1093 858 1176 904 che
1201 875 1281 922 per
1306 869 1466 922 questo
1492 857 1519 903 li
1535 858 1634 921 puti
1661 858 1883 920 perdono,

255 943 300 978 et
325 930 454 979 forssi
480 932 562 979 che
581 926 709 990 ·loro,
747 934 937 997 partitto
962 933 1000 980 el
1035 934 1197 993 Radre,
1229 950 1404 980 vorano
1429 932 1610 979 valerssi
1639 932 1696 979 de
1726 943 1884 996 questa

255 1005 457 1069 ragione,
482 1023 567 1052 con
592 1006 688 1053 dire
711 1008 793 1054 che
819 1007 845 1053 li
871 1008 969 1071 puti
999 1009 1085 1054 mai
1116 1007 1275 1055 farano
1299 1006 1443 1066 frut0,
1465 1006 1746 1053 mutandossi
1766 1006 1883 1052 cossi

255 1096 409 1143 spesso
428 1080 456 1126 li
476 1081 672 1138 maestri,
688 1093 733 1128 et
753 1081 861 1128 forsi
888 1099 1002 1129 anco
1026 1082 1188 1129 dirano
1215 1083 1298 1129 che
1322 1082 1364 1128 la
1384 1080 1674 1145 Compag'nia
1691 1097 1715 1126 a
1736 1079 1885 1127 leuato

256 1155 407 1219 quello
431 1172 507 1202 era
529 1156 771 1218 sufitiente,
798 1156 1085 1221 lagnandossi
1105 1157 1227 1204 alora
1245 1157 1316 1205 del
1338 1174 1460 1203 nouo
1479 1168 1641 1212 retore,
1661 1166 1705 1201 et
1723 1154 1884 1202 lodan-

256 1229 378 1276 dossi
403 1230 460 1277 de
484 1230 636 1295 quello
660 1232 742 1278 che
769 1232 925 1278 adesso
950 1249 995 1278 se
1030 1249 1086 1279 ne
1118 1232 1353 1296 dogliono.
1388 1232 1451 1278 Et
1484 1242 1586 1278 tuto
1616 1240 1778 1294 questo
1806 1246 1886 1293 per

256 1321 488 1369 spengere,
507 1322 553 1351 se
577 1307 724 1369 potra‘t,
750 1306 788 1352 el
807 1307 993 1353 seruitio
1017 1307 1062 1354 di
1097 1307 1208 1366 Dio,
1242 1306 1317 1353 nol
1348 1305 1658 1370 giudichiamo
1689 1303 1778 1368 gin,
1811 1319 1885 1349 ma

257 1379 344 1426 ben
368 1380 624 1427 dubitiamo
648 1381 744 1428 chel
771 1382 988 1430 demonio
1015 1398 1095 1445 per
1125 1393 1283 1446 questa
1312 1381 1462 1428 strada
1497 1379 1640 1426 cerchi
1666 1396 1690 1424 e
1712 1378 1811 1424 loro
1841 1388 1886 1424 et

251 1454 330 1500 'noi
357 1455 571 1501 mandare
596 1455 641 1501 in
665 1466 858 1502 estrema
883 1458 1028 1505 ruina.
1062 1457 1122 1505 V.
1150 1457 1210 1504 R.
1244 1473 1290 1502 sa
1313 1455 1411 1502 chel
1447 1455 1496 1502 P.
1534 1452 1625 1500 M.⁰
1649 1453 1838 1500 Andrea
1861 1468 1886 1498 a

256 1529 395 1575 molte
420 1528 572 1576 buone
597 1542 724 1594 parte
748 1548 828 1595 per
852 1532 1108 1596 ragugliare
1133 1533 1241 1596 ogni
1277 1542 1434 1578 nostro
1467 1527 1711 1586 contrario,
1745 1525 1814 1573 fra
1847 1526 1885 1573 le

256 1604 366 1650 altre
381 1604 462 1650 che
487 1622 524 1662 a,
543 1605 566 1650 ἐ
592 1605 790 1664 italiano,
815 1623 939 1653 cossa
955 1624 1135 1670 apresso
1161 1607 1206 1653 di
1234 1606 1307 1652 noi
1330 1605 1375 1652 di
1391 1603 1694 1669 'grandissima
1713 1602 1885 1665 impor-

256 1678 416 1736 tantia,
451 1695 534 1742 per
573 1679 741 1742 rispeto
771 1680 871 1727 dela
901 1681 1040 1737 scola,
1085 1697 1166 1743 per
1192 1680 1231 1726 la
1271 1679 1403 1744 quale
1445 1676 1826 1742 principalmente
1858 1675 1883 1722 li

258 1752 395 1800 Padri
420 1769 533 1798 sono
558 1753 649 1817 qui.
682 1753 774 1800 Noi
807 1754 995 1819 dunque
1034 1755 1403 1814 racomandiamo
1443 1763 1602 1817 questa
1636 1767 1774 1815 opera
1813 1750 1885 1797 del

255 1827 437 1890 signore
464 1827 565 1874 Idio
584 1845 608 1873 a
634 1828 693 1875 V.
720 1828 795 1885 R„
820 1841 864 1875 et
888 1846 933 1875 se
958 1846 981 1875 a
1007 1829 1058 1875 lei
1083 1829 1324 1892 (inspirata
1342 1828 1400 1875 da
1419 1844 1498 1874 sna
1515 1826 1708 1888 maesta)
1730 1825 1755 1871 li
1777 1826 1886 1888 pari

256 1901 409 1948 buona
429 1902 468 1947 la
484 1913 637 1948 nostra
658 1903 892 1965 petitione,
909 1920 1095 1950 auremo
1115 1920 1219 1950 caro
1244 1903 1410 1949 sentire
1435 1918 1516 1965 per
1535 1901 1700 1947 lhonor
1719 1900 1765 1946 di
1792 1899 1886 1945 Dio

257 1976 296 2022 la
318 1976 663 2023 confirmatione
688 1977 744 2023 de
770 1977 878 2023 deto
905 1978 1067 2034 Padre;
1093 1991 1137 2023 et
1162 1977 1348 2041 quando
1373 1976 1410 2022 el
1439 1975 1694 2022 santissimo
1726 1973 1885 2037 spirito

256 2051 296 2096 la
316 2051 468 2114 inspiri
490 2051 770 2109 altramente,
790 2052 862 2098 del
883 2063 984 2099 tuto
1003 2053 1063 2098 sia
1081 2051 1172 2098 fata
1193 2052 1233 2098 la
1251 2069 1331 2098 sua
1352 2050 1605 2098 santissima
1623 2048 1882 2096 uolontade.

257 2125 333 2172 Ne
358 2126 629 2173 ocorendoci
651 2126 785 2185 altro,
812 2127 893 2174 alle
918 2129 1111 2174 orationi
1138 2128 1183 2175 di
1210 2129 1268 2175 V.
1298 2129 1360 2175 R.
1386 2128 1430 2174 di
1455 2127 1547 2173 bon
1567 2142 1671 2172 core
1695 2124 1728 2170 si
1760 2140 1886 2170 raco-

259 2200 534 2258 mandiamo‚
561 2201 837 2264 pregandola
865 2203 989 2265 tengi
1018 2203 1237 2248 memoria
1270 2203 1314 2249 di
1353 2202 1441 2259 noi,
1477 2199 1678 2247 abenche
1711 2197 1885 2261 indigni

255 2273 427 2337 figlioli,
447 2274 514 2320 ala
532 2274 664 2338 quale
683 2292 728 2320 se
746 2274 941 2323 oferimo
962 2294 1041 2340 per
1062 2293 1254 2339 sempre,
1280 2296 1303 2323 e
1331 2275 1432 2322 Idio
1456 2275 1514 2322 da
1537 2275 1624 2320 mal
1644 2273 1685 2318 la
1703 2271 1881 2336 guardi,

256 2349 661 2411 augumentandoli
693 2349 735 2395 di
773 2350 937 2413 giorno
970 2352 1013 2396 in
1047 2351 1210 2415 giorno
1242 2351 1281 2396 el
1305 2368 1389 2396 suo
1422 2349 1680 2396 santissimo
1711 2346 1883 2409 spirito.

255 2423 422 2469 Amen.
450 2423 685 2487 Dat-genta
713 2424 737 2470 li
771 2440 826 2485 19
852 2425 1032 2472 Otobre
1065 2425 1197 2487 1556.
1226 2427 1256 2486 ἦ
1285 2426 1344 2472 Di
1371 2426 1428 2472 V.
1457 2425 1516 2472 R.
1545 2423 1719 2488 figlioli,
1748 2420 1886 2468 aben—

255 2497 340 2543 che
365 2498 564 2562 indegni,

323 2574 570 2635 Sequuntur
592 2573 935 2636 subscriptiones.

321 2646 375 2692 In
398 2647 574 2694 secundo
588 2643 714 2709 foli0‚
731 2649 1008 2710 praecedenti
1032 2649 1244 2710 adjuncto.
1275 2649 1337 2696 Et
1357 2649 1472 2696 oltre
1495 2649 1578 2695 che
1603 2648 1711 2694 deto
1736 2645 1884 2694 Padre

256 2736 339 2784 per
364 2734 486 2768 tante
513 2722 704 2768 necesita‘t
728 2723 752 2767 e
770 2724 995 2769 necesario
1014 2724 1157 2787 quini,
1175 2724 1216 2769 vi
1241 2724 1264 2769 ἐ
1284 2736 1443 2788 questa
1463 2721 1882 2786 importantissima‚

255 2796 338 2842 che
362 2813 440 2843 sua
467 2798 731 2855 reverentia,
758 2815 837 2860 per
862 2798 1107 2845 comisione
1133 2798 1203 2844 del
1234 2799 1358 2845 Rdo.
1390 2799 1439 2845 P.
1473 2798 1543 2844 M.
1571 2795 1773 2843 Gioanni
1800 2794 1883 2862 Pe’.

256 2871 431 2931 letario,
461 2873 518 2918 ha
541 2884 803 2936 comparato
830 2890 918 2918 vna
942 2889 1040 2919 casa
1065 2873 1110 2918 in
1137 2872 1385 2919 bonissimo
1412 2873 1536 2931 sitt0‚
1565 2889 1590 2917 a
1609 2871 1648 2916 la
1673 2867 1793 2933 qual’
1817 2867 1882 2914 bi-

256 2962 413 3008 sogna,
442 2964 530 2992 non
556 2946 805 2993 solamente
830 2948 1012 3011 pagarla
1037 2947 1075 2992 al
1101 2964 1183 2993 sno
1210 2958 1417 3011 temppo‚
1440 2964 1512 2993 rna
1528 2944 1722 2992 fabricar
1747 2943 1777 2990 li
1804 2960 1882 2990 an—

256 3036 372 3076 cora3
393 3032 437 3066 et
461 3038 485 3065 a
510 3019 591 3067 far’
612 3033 771 3085 questo
796 3038 852 3067 ne
881 3022 973 3084 par'
994 3038 1073 3067 sua
1097 3039 1346 3069 reuerenza
1370 3022 1642 3085 espediente,
1663 3035 1743 3083 per
1761 3034 1882 3064 esere

257 3094 517 3143 conosciuta
552 3095 609 3142 da
639 3094 723 3141 tuti
753 3106 797 3141 et
828 3095 1008 3159 pratica.
1045 3095 1131 3142 Per
1157 3095 1335 3157 vltimO,
1369 3096 1547 3143 dicemo
1571 3112 1595 3141 a
1618 3094 1674 3142 V.
1706 3093 1766 3141 R.
1797 3091 1881 3139 che
