2008 3510
749 247 798 286 28
827 247 1017 300 JANUARn
1050 259 1148 300 1551
1636 261 1714 302 719

136 349 330 412 amplexi
372 361 500 407 sunt,
534 351 649 397 dum
680 353 874 417 quisque
907 353 1070 400 lucrari
1109 370 1155 399 se
1188 364 1335 417 putat.
1371 354 1531 416 Quare
1564 355 1773 403 huiusce-

134 424 262 470 modi
281 423 337 470 ab
364 424 580 471 omnibus
600 437 785 488 pactum
812 427 976 474 initum
996 439 1077 485 est,
1096 439 1142 474 et
1159 428 1323 475 deinde
1350 430 1406 475 ad
1426 429 1651 493 templum
1670 448 1773 494 per-

134 510 307 561 genteS,
333 499 483 562 ipsum
507 517 531 546 a
564 501 755 548 domino
787 503 899 562 Jesu
932 503 1118 549 Christo
1158 503 1419 550 confirmari
1465 505 1769 567 postularunt.

80 593 81 597 ¹
136 573 302 619 Postea
330 574 447 620 inter
471 592 530 634 se,
550 592 772 622 consensu
791 588 945 623 tamen
971 577 1118 623 Patris
1138 577 1403 624 Emanoelis
1429 578 1617 637 Godini,
1633 580 1768 626 etiam

133 646 178 693 id
212 647 500 706 addiderunt,
532 661 584 695 ut
607 667 712 696 cum
747 651 854 697 certi
886 651 1073 715 quidam
1106 668 1164 697 ex
1199 653 1303 715 ipsis
1333 669 1418 715 pro
1449 653 1631 717 reliquis
1667 671 1768 700 san-

132 720 383 767 ctissimum
416 736 750 770 sacramentum
782 723 875 771 bini
901 736 980 771 aut
999 725 1113 771 terni
1143 726 1326 788 (modo,
1352 743 1445 790 quo
1470 727 1559 773 iam
1584 727 1764 791 scripsi)

131 795 319 858 singulis
343 795 641 844 hebdomadis
656 798 816 844 diebus
834 811 1082 856 sumerent,
1101 800 1374 862 peculiarem
1392 801 1449 847 de
1469 801 1549 847 hac
1570 818 1617 847 re
1641 803 1766 865 apud

132 868 289 915 Deum
325 868 534 916 'facerent
571 872 875 930 mentionem,
913 884 958 919 et
997 873 1058 919 ita
1097 873 1143 919 in
1174 873 1261 920 hoc
1302 888 1656 937 perseuerarent,
1700 888 1765 933 ut,

130 943 292 990 habitu
313 946 548 1010 acquisito,
563 947 698 993 etiam
719 946 824 994 facti
849 948 1093 1012 aliquando
1111 949 1380 1007 sacerdotes,
1399 949 1570 997 eisdem
1589 949 1764 1010 diebus,

129 1018 166 1064 si
191 1035 261 1065 res
285 1031 532 1082 pateretur,
552 1038 638 1084 pro
662 1038 707 1068 se
732 1022 927 1069 inuicem
951 1039 1130 1070 sacrum
1150 1022 1366 1081 facerent,
1389 1036 1455 1083 ut,
1474 1041 1764 1089 quacumque

128 1092 318 1155 dispersi
344 1106 512 1153 essent,
537 1095 739 1159 qualibet
763 1097 858 1155 die,
886 1114 979 1143 non
1010 1098 1158 1143 solum
1187 1099 1457 1145 meritorum
1482 1100 1762 1157 communio,

61 1178 63 1181 ⁴
129 1167 207 1212 sed
231 1179 276 1212 et
301 1184 468 1230 preces,
490 1186 602 1233 quas
626 1186 712 1232 pro
737 1187 783 1216 se
807 1183 917 1217 tunc
942 1189 967 1217 a
989 1172 1122 1218 certis
1141 1171 1360 1218 fratribus
1385 1172 1559 1220 effundi
1584 1174 1763 1232 scirent,

129 1239 250 1302 ipsos
281 1241 326 1287 in
361 1242 730 1308 quibuscumque
771 1245 1003 1292 laboribus
1045 1258 1123 1292 aut
1165 1247 1375 1309 periculis
1412 1248 1678 1306 solarentur,
1720 1261 1765 1295 et

128 1313 341 1363 fiduciam
370 1318 494 1380 apud
518 1319 673 1365 Deum
700 1320 930 1367 adderent.

197 1391 457 1438 Persistitur
495 1393 644 1439 adhuc
684 1393 731 1439 in
772 1394 1036 1442 inculcanda
1077 1395 1229 1458 pueris
1269 1395 1476 1441 doctrina
1520 1395 1763 1443 christiana

127 1481 219 1510 non
243 1466 337 1512 sine
362 1483 528 1530 magna
546 1468 755 1514 omnium
781 1469 1104 1528 aedificatione,
1128 1482 1174 1516 et
1193 1471 1401 1517 homines
1425 1480 1571 1516 aetate
1595 1488 1762 1534 proue-

125 1540 285 1586 ctiores
308 1557 475 1604 pueros
506 1542 551 1588 in
580 1543 792 1590 canendis
816 1545 1008 1591 Domini
1033 1545 1285 1608 praeceptis
1311 1545 1562 1592 imitantur.
1591 1545 1759 1592 Unum

125 1613 173 1660 id
211 1615 409 1662 maxime
440 1617 725 1664 admirantur
754 1635 935 1678 omnes,
966 1619 1113 1683 quod,
1147 1636 1252 1665 cum
1284 1619 1485 1682 populus
1522 1619 1595 1665 hic
1634 1620 1760 1666 nullo

125 1690 314 1736 omnino
339 1690 700 1739 iuramentorum
719 1693 873 1756 generi
899 1705 1115 1757 parceret,
1134 1705 1180 1740 et
1202 1695 1354 1740 omnis
1373 1694 1468 1740 eius
1492 1710 1642 1740 sermo
1658 1712 1759 1758 per-

126 1765 302 1827 magnis
325 1765 608 1824 iuramentis,
634 1784 690 1813 ne
713 1767 862 1814 dicam
887 1767 1193 1834 blasphemijs,
1213 1779 1328 1814 esset
1348 1767 1616 1831 permixtus,
1638 1785 1758 1815 nunc

126 1856 228 1884 raro
251 1839 503 1887 admodum
528 1842 674 1888 iurare
697 1843 1050 1906 comperiantur,
1076 1843 1133 1890 de
1158 1843 1227 1889 his
1248 1843 1350 1890 dico
1375 1843 1658 1906 praesertim,
1678 1843 1757 1908 qui

125 1912 260 1959 huius
284 1915 521 1976 parochiae
544 1927 665 1963 sunt.

190 1986 420 2033 Dominus
444 2000 598 2035 noster
626 1989 761 2049 Jesus
792 1990 1002 2037 Christus
1033 2006 1212 2054 semper
1242 1991 1286 2036 in
1322 2001 1504 2053 pectore
1538 2001 1620 2037 tuo
1650 1991 1755 2037 resi-

125 2060 245 2117 deat,
270 2072 322 2107 ut
345 2062 465 2121 inde,
490 2073 534 2109 te
558 2064 684 2128 quasi
710 2065 982 2112 intermedio
1006 2076 1051 2112 et
1083 2066 1442 2111 instrumentum
1468 2076 1647 2128 agente,
1672 2082 1755 2111 nos

124 2147 251 2198 regat
279 2147 324 2182 et
353 2137 592 2199 gubernet,
623 2150 668 2185 et
691 2140 736 2185 in
768 2157 902 2186 suum
934 2139 1207 2204 obsequium
1243 2140 1423 2203 dirigat.
1461 2140 1754 2201 Quaesumus

124 2209 253 2256 nobis
278 2210 513 2259 benedicas
536 2225 581 2259 et
607 2215 745 2260 nostri
772 2215 1031 2261 memineris
1047 2215 1170 2278 apud
1186 2215 1365 2271 Deum,
1382 2215 1478 2260 sine
1497 2231 1590 2278 quo
1609 2215 1754 2261 multa

123 2282 238 2328 uelle
275 2286 524 2349 continget,
567 2287 688 2333 nulla
728 2300 880 2334 autem
913 2288 1126 2352 perficere
1160 2288 1321 2335 licebit.
1355 2289 1536 2351 Quinto
1576 2289 1733 2335 calend

125 2356 357 2405 Februarii
389 2374 525 2422 1551.
553 2362 778 2408 Omnium
807 2363 1023 2409 minimus
1046 2375 1090 2409 et
1114 2363 1283 2410 inutilis
1307 2363 1426 2409 filius
1450 2375 1571 2422 tuus,

1005 2456 1264 2502 ALronsus
1300 2456 1554 2504 BARRETO.

187 2567 438 2631 Inscriptio:
475 2571 508 2631 ἦ-
538 2571 615 2617 Ao
646 2572 793 2618 muito
824 2572 944 2620 Rdo.
981 2573 1128 2620 Padre
1164 2591 1275 2620 noso
1306 2590 1378 2619 em
1413 2573 1598 2620 Christo
1635 2590 1748 2620 noso

122 2640 311 2699 Senhor‚
336 2660 364 2688 o
391 2644 538 2691 Padre
562 2656 725 2693 mestre
746 2647 939 2710 Ignati0,
956 2649 1213 2712 praeposito
1236 2650 1358 2712 geral
1378 2649 1435 2695 da
1458 2648 1747 2712 Companhia

120 2716 177 2762 de
200 2717 324 2777 Jesu.
353 2719 444 2765 Em
472 2720 640 2768 Roma.
