2008 3510
737 288 782 316 21
801 257 1032 316 'Ocronms
1064 287 1164 328 1547
1633 278 1711 328 649

132 397 195 427 vn
218 396 328 444 muy
355 390 538 445 accepto
562 381 753 429 seruicio
777 383 804 429 Ξι
827 382 892 430 Ν.
919 383 978 441 8.,
1002 399 1055 429 su
1082 381 1317 446 magestad
1340 399 1369 445 y
1395 398 1470 446 yo,
1495 398 1580 446 por
1605 382 1649 430 lo
1672 400 1761 448 que

132 448 367 502 deseainos
389 472 479 520 que
501 455 702 520 aquellos
725 457 1022 504 monasterios
1045 455 1169 503 esten
1194 472 1250 502 en
1284 456 1324 503 la
1353 455 1558 503 clausura
1582 474 1611 520 y
1635 474 1761 504 reco-

132 529 353 594 gimiento
376 546 466 594 que
488 547 534 576 es
558 531 717 588 razon,
742 530 787 578 lo
812 531 1100 578 rccibiremos
1123 547 1176 577 en
1205 547 1313 594 muy
1337 530 1540 595 singular
1558 532 1709 596 gracia
1731 550 1760 595 y

132 604 350 651 beneficio
381 605 439 651 de
474 604 533 652 V.
564 604 640 663 B.‚
670 622 785 668 cuya
815 622 926 669 muy
955 616 1081 652 santa
1114 621 1306 668 persona
1342 605 1404 651 N.
1437 605 1480 652 S.
1512 606 1685 668 guarde
1721 607 1759 652 al

132 678 284 725 bueno
307 696 335 742 y
360 680 580 743 prospero
604 680 874 743 regimiento
899 681 957 727 de
980 697 1032 726 su
1052 679 1276 726 vniuersal
1302 679 1486 743 yglesia.
1513 680 1587 726 De
1613 680 1758 727 Mon-

132 754 219 812 ςὸη
245 754 271 799 a
294 769 415 799 xvm
440 753 497 800 de
523 755 705 818 Agosto
731 770 786 802 M.
810 771 854 802 D.
876 770 1024 801 nvn.
1054 755 1126 800 De
1152 754 1210 800 V.
1237 754 1277 800 S.
1305 753 1508 800 humilde
1534 770 1560 816 y
1588 755 1761 801 deuoto

133 827 248 892 hijo,
280 828 374 874 don
414 828 591 892 Felipe‚
623 846 708 892 por
738 829 778 875 la
807 830 958 894 gracia
986 830 1042 876 de
1074 829 1190 876 Dios
1230 828 1438 892 principe
1467 829 1524 875 de
1556 828 1621 875 las
1652 830 1761 892 Spa-

131 906 226 960 fias,
251 912 352 959 etc„
376 919 464 966 que
492 913 701 950 vuestros
725 903 822 967 pies
847 921 874 967 y
899 920 1058 950 manos
1083 903 1200 949 besa.

1137 994 1218 1040 Er.
1265 999 1561 1040 PRchrpz.

1173 1076 1230 1123 G.
1269 1076 1527 1125 PEREzms.

878 1211 1019 1251 1²05

617 1312 808 1349 PETRUS
837 1312 904 1348 DE
932 1311 1280 1349 RIVADENEIRA

450 1409 661 1456 PATRI
698 1409 992 1456 IGNATIO
1029 1409 1123 1456 DE
1158 1408 1444 1456 LOYOLA

610 1513 784 1539 PATAVIO
816 1513 860 1540 21
894 1513 1093 1540 ocToBms
1127 1512 1226 1552 1547
1256 1499 1282 1539 ¹.

139 1609 278 1646 Victus
297 1609 488 1646 sodalium
508 1609 546 1645 in
567 1609 731 1655 collegio
751 1608 946 1655 patavino:
968 1609 1059 1655 quid
1082 1608 1209 1654 edant,
1232 1611 1415 1654 quantum
1437 1608 1620 1654 temporis
1640 1609 1759 1655 quieti

173 1667 400 1709 'nocturnae
421 1671 772 1719 tribuant.--Quid
793 1682 932 1708 causae
953 1682 1037 1708 esse
1057 1671 1192 1718 possit,
1214 1681 1282 1707 cur
1308 1671 1345 1707 in
1372 1672 1546 1707 morbum
1567 1671 1688 1718 aliqui
1715 1682 1762 1707 ex

189 1734 306 1770 sociis
327 1734 515 1771 incidant:
536 1734 772 1770 medicorum
794 1734 1278 1772 sententiae.-Cardulus
1299 1737 1335 1769 et
1355 1733 1606 1770 Rivadeneira
1626 1744 1760 1780 prope-

189 1797 288 1833 diem
306 1797 450 1843 optimo
467 1797 679 1833 litterarum
700 1807 925 1844 graecarum
941 1797 1123 1843 magistro
1139 1796 1285 1832 dabunt
1301 1806 1468 1842 operam:
1491 1796 1629 1832 caeteri
1646 1796 1761 1833 solita

186 1859 313 1896 studia
332 1863 623 1906 prosequuntur.

937 1918 958 1952 ,Γ

894 1955 996 2015 Jhs.

202 2056 270 2103 La
293 2072 474 2102 summa
496 2056 640 2120 gratia
663 2066 709 2102 et
731 2072 839 2119 pace
863 2055 908 2102 di
936 2056 1065 2119 Xpo.
1085 2055 1148 2102 N.
1167 2056 1210 2103 S.
1230 2055 1293 2102 sia
1310 2071 1489 2118 sempre
1508 2055 1577 2101 nel
1606 2065 1760 2100 nostro

133 2131 353 2177 continuo
390 2128 523 2177 fauor
554 2142 598 2176 et
628 2130 790 2178 aiutt0.
822 2130 993 2177 Amen.
1025 2129 1222 2176 Sabbato
1254 2141 1433 2193 passato
1464 2129 1760 2175 receucssimo

134 2222 225 2251 una
243 2204 360 2252 della
381 2205 440 2252 R.
462 2205 521 2252 V.
543 2205 599 2252 de
628 2208 650 2251 8
678 2205 722 2252 di
743 2216 919 2269 questo,
939 2205 1002 2251 Et
1020 2215 1193 2268 quanto
1212 2205 1283 2251 alli
1306 2205 1492 2261 malatti‚
1513 2204 1595 2250 che
1615 2205 1673 2251 V.
1698 2205 1756 2251 R.

134 2279 168 2325 si
198 2278 474 2343 maraueglia
507 2280 639 2325 esser’
658 2279 780 2325 statti
812 2279 940 2337 tanti,
966 2295 1058 2324 non
1082 2279 1286 2341 sapendo
1318 2279 1358 2325 la
1386 2295 1533 2335 causa,
1563 2279 1758 2324 hauemo

135 2351 252 2399 fatto
283 2364 458 2417 quanto
489 2354 761 2400 commanda
786 2353 831 2399 in
862 2353 1150 2416 consegliarci
1180 2370 1266 2399 con
1292 2353 1465 2400 medici.
1494 2353 1558 2399 Et
1587 2352 1756 2415 primo,

135 2438 310 2491 quanto
335 2427 375 2473 al
401 2439 559 2474 nostro
585 2429 805 2491 magnar’,
830 2427 1211 2474 ordinariamente
1236 2428 1274 2485 ἐ,
1300 2444 1325 2474 a
1350 2427 1530 2484 disnar'‚
1557 2443 1618 2472 un
1643 2443 1758 2490 poco

135 2503 192 2549 de
217 2514 441 2549 menestra
464 2513 510 2549 et
533 2519 595 2548 un
620 2519 737 2566 poco
761 2502 817 2550 de
840 2519 994 2560 carne,
1018 2514 1063 2548 ct
1091 2519 1178 2548 con
1208 2514 1369 2566 questo
1400 2504 1423 2549 ἐ
1458 2502 1621 2558 finitto,
1648 2500 1758 2547 ben-

135 2577 219 2623 che
252 2576 279 2622 li
311 2576 452 2639 tempi
483 2577 539 2623 de
573 2575 704 2623 frutti
735 2578 780 2622 ui
818 2577 841 2622 ἐ
872 2587 989 2623 stato
1022 2594 1084 2622 un
1114 2593 1231 2639 poco
1261 2577 1307 2624 d'
1328 2594 1441 2635 uua,
1466 2594 1494 2623 o
1527 2576 1626 2622 altri
1657 2576 1757 2622 chel

136 2661 291 2714 tempo
314 2649 353 2696 ci
377 2650 507 2698 daua.
534 2650 602 2696 La
625 2667 721 2696 sera
743 2650 1029 2707 similmente‚
1059 2651 1264 2709 insalatta
1286 2663 1409 2698 cotta
1432 2652 1488 2697 de
1511 2650 1697 2697 cicorrie
1729 2667 1758 2696 o

135 2724 318 2780 indiuia,
337 2735 437 2780 etc„
457 2740 520 2770 un
544 2741 661 2787 poco
685 2725 741 2770 de
764 2741 911 2781 carne,
931 2725 969 2770 si
989 2741 1118 2771 come
1143 2725 1310 2789 meglio
1329 2727 1486 2787 sapera
1510 2723 1757 2770 informare

139 2800 213 2847 M.
236 2799 434 2845 Polanco
453 2798 483 2855 ²,
509 2799 673 2862 perche
699 2799 849 2845 niente
872 2799 907 2844 si
934 2799 991 2844 ha
1015 2811 1212 2846 mutatto
1235 2800 1392 2863 doppo
1413 2799 1455 2845 la
1479 2815 1559 2845 sua
1578 2799 1754 2862 partita.

135 2862 171 2921 F]
196 2873 283 2919 ben
310 2889 417 2919 uero
442 2873 524 2918 che
547 2872 645 2920 dice
670 2872 698 2918 il
720 2873 899 2919 medico
922 2873 1004 2919 che
1029 2890 1109 2935 per
1132 2874 1318 2920 scholari
1346 2873 1601 2936 bisogneria
1625 2889 1757 2918 carne

187 3019 200 3045 ¹
257 3020 314 3057 Ex
343 3019 582 3066 autographo
612 3019 650 3055 in
679 3019 755 3056 vol.
783 3016 918 3069 Epist.
950 3017 996 3057 P.
1026 2997 1335 3066 Ribadknez·ra‚
1366 3019 1477 3055 unico
1508 3019 1621 3065 folio,
1650 3030 1686 3054 n.
1720 3030 1753 3064 1,

162 3093 240 3119 r1us
294 3094 309 3119 1
343 3108 354 3120 .

97 3128 105 3133 ¹
135 3093 159 3130 p
190 3128 229 3167 ²·
260 3093 299 3181 ξ’
317 3090 486 3181 {oannes
505 3141 552 3179 de
573 3142 741 3179 Polanco
760 3142 907 3180 Patavii
927 3142 1064 3180 studiis
1086 3153 1242 3190 operam
1263 3143 1431 3181 dederat.
