1982 3516
32 5 76 28 τηε

733 242 757 280 6
787 254 1043 282 sar-TEMBMS
1075 244 1175 296 1556
1640 257 1718 297 437

137 350 434 415 grammatica
453 366 535 414 per
559 359 692 413 poter
711 350 766 396 ne
791 350 972 396 render'
992 351 1200 414 ragione,
1227 351 1285 396 ne
1312 367 1473 397 manco
1498 350 1769 414 insegnarla3

138 442 252 489 pure
275 441 410 488 spero
433 425 531 483 che,
557 435 686 471 tanto
711 441 792 488 per
818 424 844 470 l'
866 425 1022 488 agiuto
1040 425 1122 471 che
1142 442 1187 471 se
1207 425 1268 488 gli
1295 426 1318 471 e
1344 425 1466 481 dato,
1492 436 1666 488 quanto
1691 442 1771 488 per

138 516 249 546 suoa
272 499 530 564 diligentia,
557 509 708 562 presto
740 499 882 545 haura
914 499 1168 562 ricuperato
1197 499 1269 546 cio
1298 499 1323 545 li
1358 516 1575 545 mancaua
1599 500 1644 545 in
1670 516 1772 546 cose

137 573 181 620 di
208 573 508 637 grammatica
531 589 665 637 greca
689 584 733 619 et
759 572 910 630 latina,
936 584 981 619 et
1006 574 1140 636 potra
1171 573 1338 619 seruire
1363 574 1406 618 in
1433 590 1533 618 cose
1561 573 1767 637 magiori.

203 648 246 695 Il
270 646 401 694 fratel
427 648 549 704 Gi0.‚
575 647 835 705 modenese,
859 647 1037 710 seguita
1062 664 1240 710 sempre
1265 647 1350 692 nel'
1371 647 1504 693 officii
1531 647 1771 710 temporali

137 739 221 768 con
253 721 550 769 edificatione.
585 722 660 768 Da
699 722 782 768 che
816 738 862 768 se
893 722 1015 785 parti
1050 722 1204 768 Pietro
1237 721 1375 767 Natal
1397 722 1427 780 ¹,
1471 722 1528 768 ha
1569 734 1712 768 atteso
1749 739 1773 767 a

120 795 166 842 'l’
185 795 342 842 infima
370 796 484 842 clase
514 813 600 842 con
631 796 860 860 qualchun
887 797 931 842 di
962 797 1035 842 noi
1071 797 1156 859 (?),
1191 807 1235 842 et
1266 795 1440 842 benche
1472 797 1534 842 sia
1565 807 1683 842 stato
1710 813 1771 842 vn

137 887 253 933 poco
278 870 529 917 malaticcio
554 887 635 934 per
658 871 805 934 questi
840 871 969 928 caldi,
997 871 1023 916 l'
1062 871 1119 917 ha
1138 872 1363 934 gual-dato
1399 888 1579 934 sempre
1616 882 1772 918 nostro

138 945 327 1009 Signore
353 945 397 991 in
425 945 555 1008 piede
580 962 661 1009 per
686 946 697 992 i
723 945 900 1009 bisogni
929 946 1091 1009 grandi
1108 947 1190 992 che
1215 958 1377 1010 questo
1396 946 1588 1010 collegio
1615 947 1772 994 hauea.

204 1021 241 1067 Il
267 1019 397 1067 fratel
424 1021 691 1078 Girolomo,
722 1037 893 1077 senese,
926 1021 950 1066 ἐ
982 1031 1100 1067 stato
1131 1038 1240 1067 sano
1269 1021 1368 1068 dela
1403 1039 1613 1085 persona,
1647 1033 1691 1068 et
1717 1023 1774 1068 ha

138 1105 283 1142 atteso
308 1113 332 1141 a
356 1113 445 1142 vna
468 1096 604 1142 classe
628 1096 672 1142 di
698 1096 1030 1142 concordantie.
1065 1096 1122 1142 Li
1147 1095 1244 1142 suoi
1270 1096 1546 1159 portamenti
1571 1097 1773 1143 esteriori

138 1170 422 1216 dimostrano
445 1171 516 1216 ch'
538 1170 675 1216 habbi
703 1169 896 1234 bisogno
920 1171 965 1216 d’
987 1170 1102 1216 altro
1135 1170 1291 1233 agiuto
1324 1170 1406 1216 che
1437 1187 1528 1216 non
1555 1171 1616 1234 gli
1642 1187 1775 1234 possa

138 1245 245 1291 dare
271 1257 433 1308 questo
457 1244 662 1307 collegio,
694 1256 739 1291 et
776 1257 943 1308 presto,
981 1261 1071 1290 non
1110 1244 1313 1307 parendo
1349 1245 1431 1290 che
1463 1244 1490 1290 l'
1512 1245 1773 1292 imbecillita

138 1319 184 1365 di
217 1336 328 1365 suoa
361 1331 513 1365 mente
544 1335 674 1382 possa
706 1331 995 1382 comportare
1031 1319 1058 1365 il
1086 1336 1193 1383 peso
1228 1319 1314 1366 deli
1352 1320 1507 1377 officii,
1537 1320 1579 1366 ni
1613 1338 1774 1367 manco

139 1393 180 1439 la
213 1393 372 1440 liberta
406 1393 650 1440 necessaria
682 1410 707 1439 a
738 1394 809 1439 chi
847 1393 886 1440 le
921 1394 1142 1451 essercita‚
1176 1411 1283 1457 pare
1316 1394 1344 1439 li
1379 1411 1628 1458 conuenga.
1667 1395 1772 1441 Deli

138 1467 260 1514 studi
291 1468 388 1514 suoi
433 1485 524 1514 non
551 1471 705 1531 'posso
746 1468 910 1515 render
938 1480 1090 1525 conto,
1127 1469 1293 1532 perche
1336 1486 1428 1514 non
1469 1470 1502 1515 s'
1525 1470 1548 1515 ἐ
1585 1482 1774 1533 possuto

139 1540 397 1589 facilmente
421 1554 618 1589 acostare
643 1559 667 1587 a
692 1542 844 1606 quello
868 1542 905 1588 ci
933 1539 1115 1606 pare'ua,
1132 1543 1159 1588 il
1179 1543 1261 1589 che
1281 1544 1406 1606 quasi
1426 1561 1609 1590 osserua
1634 1545 1774 1591 anche

140 1617 210 1663 nel
245 1617 493 1681 insegnare.
532 1617 569 1662 Il
607 1615 721 1663 bene
762 1617 846 1663 che
871 1619 921 1664 ce
959 1634 1092 1680 parso
1128 1618 1348 1681 possergli
1385 1617 1467 1663 far’
1489 1619 1582 1682 qui,
1615 1619 1675 1665 da
1713 1637 1773 1665 vn
1822 1613 1827 1618 ”

140 1707 290 1754 pezzo
314 1692 358 1738 in
384 1709 489 1756 qua,
515 1692 539 1739 ἐ
563 1702 681 1738 stato
706 1692 970 1740 tratenerlo:
1010 1693 1065 1739 ne
1097 1709 1204 1756 pare
1240 1692 1312 1739 ch'
1331 1693 1516 1739 andasse
1549 1693 1693 1740 molto
1729 1694 1772 1740 in

141 1765 294 1828 long0.

207 1839 244 1886 Il
270 1838 398 1887 fratel
424 1840 685 1887 Balthasaro
719 1840 996 1899 Salmerone,
1033 1841 1066 1886 si
1103 1851 1171 1887 sta
1206 1842 1394 1904 quando
1429 1841 1645 1905 alquanto
1670 1840 1773 1887 alle-

142 1931 240 1979 gro,
266 1915 453 1979 quando
477 1918 742 1980 aggi-auam.
770 1915 806 1961 ΙΙ
844 1916 1019 1962 medico
1053 1915 1152 1962 dice
1187 1916 1269 1962 che
1305 1916 1366 1979 gl’
1387 1916 1411 1962 ἐ
1438 1916 1685 1962 necessario
1712 1932 1773 1961 vn

141 2007 242 2036 aere
277 1990 492 2049 humido,
527 2003 573 2037 et
606 1991 689 2037 che
721 1990 855 2036 staria
890 1990 1027 2048 bene,
1063 1990 1271 2037 massime
1307 2007 1387 2054 per
1419 1991 1714 2047 Pinum-nata,
1750 2008 1775 2036 a

146 2065 313 2124 Roma,
337 2082 365 2110 o
390 2082 414 2110 a
438 2065 626 2128 Napoli‚
663 2083 692 2111 o
728 2082 838 2111 vero
873 2082 897 2111 a
934 2065 1164 2112 Palermo.
1207 2065 1295 2112 Lui
1329 2066 1496 2112 hauera
1517 2066 1668 2112 .charo
1691 2066 1773 2112 che

139 2150 293 2201 presto
318 2140 351 2186 si
378 2139 545 2186 risolua
571 2140 610 2185 la
634 2139 1012 2186 determinatione
1037 2140 1094 2186 de
1118 2157 1228 2186 suoa
1253 2140 1519 2186 mutatione.

206 2213 242 2259 Il
270 2212 552 2277 Voffgango,
579 2214 759 2272 boemo,
792 2214 816 2260 e
846 2225 963 2259 stato
997 2213 1140 2260 molto
1172 2231 1281 2260 sano
1313 2231 1393 2277 per
1417 2214 1531 2260 insin
1557 2213 1611 2259 ali
1636 2214 1771 2270 caldi,

139 2299 183 2334 et
209 2287 365 2334 alhora
388 2288 641 2334 s'ammalo
681 2288 765 2350 (?),
802 2305 825 2334 e
859 2288 968 2351 puoi
1005 2289 1028 2334 ἐ
1064 2299 1182 2334 stato
1218 2289 1311 2334 cosi
1353 2305 1518 2333 mezzo
1553 2304 1675 2333 sano.
1719 2287 1770 2332 In

140 2374 301 2426 questo
327 2372 494 2408 mezzo
520 2363 576 2408 ha
601 2363 804 2426 agiutato
839 2379 896 2408 vn
924 2379 1040 2425 poco
1067 2362 1163 2408 nela
1198 2362 1353 2407 infima
1386 2363 1535 2418 classe,
1570 2362 1690 2407 doue
1716 2363 1772 2408 ha

140 2435 256 2482 fatto
281 2435 427 2482 frutto
454 2437 551 2482 nela
579 2437 730 2500 lingua
757 2436 955 2500 volgare.
987 2436 1141 2482 Prima
1167 2437 1212 2483 di
1238 2437 1456 2482 continuo
1493 2437 1549 2482 ha
1573 2436 1772 2482 studiato

139 2522 183 2556 et
207 2511 263 2556 ha
289 2509 404 2556 fatto
430 2510 552 2556 buon
580 2509 726 2556 frutto
751 2511 794 2556 in
832 2510 1077 2575 gramatica
1113 2522 1158 2556 et
1190 2511 1346 2556 lettere
1382 2511 1530 2556 latine:
1568 2510 1591 2556 ὲ
1619 2510 1772 2556 buona

140 2601 362 2648 speranza
386 2585 469 2631 che
495 2585 610 2631 vada
634 2585 784 2631 inanzi
806 2585 919 2631 nelle
947 2585 1117 2632 lettere.
1142 2585 1224 2631 Ha
1249 2584 1364 2631 fatto
1390 2602 1503 2649 gran
1529 2583 1674 2631 frutto
1702 2586 1770 2631 nei

140 2659 335 2705 costumi
370 2671 414 2705 et
443 2659 623 2722 spirito,
654 2659 737 2705 che
767 2660 804 2705 ci
837 2658 993 2705 edifica
1018 2659 1136 2705 tutti.
1171 2659 1325 2705 Credo
1358 2676 1403 2705 se
1440 2669 1575 2722 tenga
1610 2675 1690 2722 per
1713 2659 1770 2705 de

141 2732 183 2779 la
207 2733 509 2796 Compagnia‚
535 2733 709 2781 benehe
735 2750 827 2779 non
865 2732 1015 2778 lhabbi
1051 2733 1249 2779 anchora
1283 2744 1592 2796 apertamente
1629 2732 1771 2778 mani-

141 2806 320 2864 festato,
347 2808 390 2854 ni
416 2825 579 2854 manco
603 2808 680 2854 lho
704 2819 1013 2871 apertamente
1036 2807 1303 2866 sollecitato,
1332 2824 1405 2853 ma
1429 2807 1680 2870 agiutatolo
1704 2807 1771 2852 ala

140 2882 452 2946 dispositione,
477 2883 560 2930 che
583 2899 717 2947 spero
743 2885 874 2929 verra
906 2893 1060 2946 presto
1084 2882 1142 2929 da
1176 2898 1288 2940 esso,
1324 2882 1398 2945 gia
1431 2880 1499 2928 ch*
1519 2881 1576 2927 ha
1599 2879 1771 2927 solleci-

197 3054 210 3080 ¹
266 3055 450 3092 Juvenem
478 3057 593 3102 hunc,
621 3056 821 3093 dimissum
850 3067 869 3093 e
898 3056 1092 3094 societate
1120 3055 1249 3103 fuisse,
1276 3056 1391 3092 tradit
1418 3055 1625 3100 POLANCO,
1654 3060 1678 3091 t.
1714 3064 1768 3099 V1,

140 3129 227 3166 pag.
253 3128 341 3166 117,
361 3129 396 3155 n.
419 3119 507 3164 426.
