2066 3516
314 291 390 332 150
786 280 1020 319 EPISTOLAE
1051 281 1380 332 Murra—1079

255 387 446 433 consilio
461 386 691 433 eiectionis
706 386 911 449 tragedia
931 385 944 411 ¹
966 387 1185 433 aduersus
1202 386 1471 433 Societatem
1486 387 1681 433 conflata
1698 400 1778 445 est,
1794 406 1899 436 cum

256 461 444 507 vidisset
478 460 677 506 filiorum
709 460 1037 518 calamitatem,
1080 478 1174 507 non
1215 461 1365 508 multo
1402 473 1506 526 post
1546 463 1775 509 extinctus
1816 474 1898 512 est.

255 535 421 581 Affinis
459 551 609 591 meus,
641 534 720 598 qui
763 551 787 580 e
824 534 1034 581 codicillo
1065 535 1338 582 sententiam
1369 535 1635 582 horribilem
1678 536 1899 596 recitauit,

255 610 440 656 videtur
460 626 553 655 non
577 609 864 655 semiannum
885 611 1245 673 superuicturus‚
1265 610 1410 672 thysis
1432 622 1478 656 et
1502 610 1778 674 hydropysis
1798 628 1899 674 pas-

254 687 472 744 sionibus,
498 697 550 733 vt
576 686 687 732 mihi
715 687 912 744 videtur,
938 685 1139 732 affectus.
1168 685 1297 747 Quid
1325 685 1383 731 de
1407 685 1565 731 ceteris
1590 684 1802 731 futurum
1827 686 1899 744 sit,

253 762 488 808 Dominus
513 762 657 809 nouit.

316 838 486 883 Annus
512 838 723 884 nondum
741 836 919 901 elapsus
943 848 1024 894 est,
1046 835 1184 899 pestis
1211 833 1465 898 periculum
1485 834 1668 881 videtur
1694 835 1900 899 aliquan-

251 912 402 958 tulum
426 912 757 959 recrudescere.

313 987 538 1048 Joannes,
580 987 708 1034 cuius
748 987 793 1033 in
835 986 925 1033 tuis
963 986 1102 1032 literis
1143 984 1320 1031 feceras
1363 984 1670 1042 mentionem,
1711 983 1898 1031 fulcitus

249 1063 449 1108 duarum
476 1073 792 1108 matronarum
826 1060 1017 1117 auxilio,
1049 1060 1273 1123 primitias
1305 1060 1350 1105 in
1382 1058 1566 1105 ecclesia
1598 1070 1752 1105 nostra
1784 1058 1898 1105 cele-

250 1136 414 1182 brauit.
458 1136 729 1182 Solemnitas
759 1135 938 1197 prandii
970 1135 1014 1180 in
1048 1134 1211 1180 vestris
1242 1133 1404 1180 edibus
1430 1144 1654 1179 transacta
1683 1145 1771 1190 est,
1804 1133 1899 1193 vbi,

250 1209 456 1257 mirabile
487 1210 636 1267 dictu,
663 1210 888 1274 quedam,
914 1210 985 1256 cui
1013 1209 1208 1256 domum
1237 1209 1359 1254 illam
1383 1208 1730 1254 custodiendam
1758 1208 1899 1254 tradi-

248 1285 435 1342 derant,
468 1284 597 1330 cuius
639 1300 758 1347 opus
795 1296 892 1330 erat
928 1283 1110 1329 erudire
1147 1283 1319 1328 ciuium
1358 1282 1497 1339 filias,
1535 1282 1653 1328 vidit
1690 1294 1900 1345 tempore

250 1359 430 1421 prandii
479 1358 676 1404 Paulum
718 1369 823 1404 ante
864 1358 1003 1420 pedes
1045 1357 1312 1420 Andre[ae]
1360 1357 1471 1414 filie,
1515 1357 1663 1420 neptis
1700 1357 1897 1414 Canisie,

249 1432 444 1495 deponi,
470 1449 584 1495 que,
610 1433 815 1496 sequenti
848 1433 920 1479 die
950 1444 1075 1495 peste
1105 1444 1335 1496 correpta,
1369 1444 1474 1496 post
1504 1450 1697 1496 sequens
1722 1433 1897 1496 quatri-

250 1507 397 1552 duum
439 1506 560 1552 diem
599 1505 759 1552 clausit
789 1517 1064 1553 extremum.
1097 1506 1246 1570 Virgo
1278 1517 1375 1553 erat
1414 1522 1466 1568 13
1501 1523 1753 1565 annorum,
1793 1506 1897 1553 nul-

252 1582 430 1645 liusque
453 1597 611 1626 curam
640 1591 819 1626 tantum
845 1581 891 1626 in
917 1597 963 1626 se
988 1581 1283 1627 transtulerat
1308 1582 1534 1637 Andreas,
1562 1581 1697 1644 virgo
1722 1579 1899 1627 defun-

251 1667 343 1714 cta,
377 1671 518 1719 quam
553 1654 704 1711 istius,
738 1671 876 1718 quam
914 1656 1113 1702 moriens
1151 1655 1411 1702 Mechtilde
1446 1666 1599 1702 nostra
1634 1655 1679 1701 in
1713 1655 1899 1702 seruitio
1937 1683 1939 1685 ·

251 1731 411 1777 diuino
441 1730 761 1776 enutriendam
795 1730 1108 1787 commiserat,
1134 1747 1272 1794 quam
1308 1731 1543 1776 Dominus
1574 1742 1806 1793 oportune
1830 1747 1898 1776 ra—

252 1805 367 1868 puit,
395 1821 451 1850 ne
477 1803 654 1850 malicia
679 1815 879 1850 mutaret
903 1804 1182 1851 intellectum
1209 1804 1342 1861 illius3
1368 1821 1459 1868 qua
1482 1815 1736 1867 egrotante,
1762 1803 1899 1850 Cani-

252 1878 316 1924 sia
341 1888 495 1924 nostra
518 1894 624 1924 cum
651 1876 822 1923 familia
846 1895 892 1923 se
917 1878 1085 1941 recepit
1110 1879 1155 1924 in
1183 1879 1314 1925 aedes
1349 1890 1522 1924 vestras
1547 1878 1785 1941 tantisper,
1811 1878 1899 1925 do-

257 1969 336 1998 nec
361 1953 529 1999 domus
554 1951 741 2014 propria
765 1951 821 1997 ab
849 1950 1018 1998 infecto
1043 1969 1144 1998 aere
1171 1964 1463 2016 purgaretur,
1483 1952 1590 2016 quia
1614 1952 1785 1999 ibidem
1810 1951 1900 1998 filia

253 2040 434 2090 ceperat
464 2037 695 2090 egrotare3
733 2042 823 2089 qua
866 2038 1070 2084 mortua,
1113 2025 1335 2073 famulam
1372 2027 1467 2073 eius
1493 2026 1729 2092 juniorem
1762 2026 1900 2089 pestis

253 2100 497 2164 corripuit,
523 2116 639 2164 quae
663 2111 768 2162 post
793 2100 998 2146 triduum
1032 2117 1219 2164 quoque
1243 2100 1444 2147 extincta
1467 2113 1547 2148 est.
1578 2101 1702 2148 Cum
1727 2100 1819 2146 iam
1842 2101 1899 2147 ad

254 2176 361 2222 edes
400 2175 609 2238 proprias
638 2174 1004 2237 commigrasset,
1037 2174 1298 2231 mulierem,
1331 2192 1420 2238 que
1461 2175 1658 2222 domurn
1696 2185 1896 2221 vestram

254 2250 602 2297 custodiendam
626 2260 905 2311 susceperat,
937 2250 1099 2295 eadem
1131 2249 1346 2312 contagio
1371 2261 1464 2295 tam
1491 2249 1744 2312 periculose
1771 2249 1899 2295 inua-

253 2326 332 2384 sit,
357 2336 409 2371 vt
434 2326 552 2371 intra
576 2325 783 2371 triduum
809 2324 1179 2387 extingueretur,
1212 2342 1304 2371 non
1330 2337 1483 2371 tamen
1510 2325 1554 2371 in
1580 2335 1730 2371 vestra
1754 2325 1898 2371 domo

257 2410 454 2456 mortua,
473 2400 552 2445 sed
572 2399 616 2444 in
636 2398 928 2444 xenodochio
948 2397 976 2445 ².
1001 2398 1211 2445 Fuerunt
1231 2399 1310 2463 qui
1330 2398 1540 2445 dicebant
1561 2399 1759 2445 multum
1780 2398 1899 2463 ignis

256 2475 302 2520 in
327 2474 566 2537 planiciem
592 2473 759 2520 domus
782 2473 1004 2519 cecidisse.

312 2656 326 2682 ¹
383 2658 658 2704 Tragoediam,
690 2658 799 2703 cujus
830 2656 1005 2692 meminit
1036 2661 1170 2694 auctor
1199 2656 1313 2703 hujus
1344 2655 1551 2701 epistolae,
1579 2666 1697 2702 supra
1727 2654 1898 2692 narravit

258 2721 415 2767 Kessel,
450 2717 586 2770 Epist.
623 2716 811 2765 Minae,
846 2723 872 2756 t.
907 2727 963 2764 IV,
998 2729 1087 2765 pag.
1124 2726 1316 2766 512-515‚
1352 2722 1388 2753 et
1424 2715 1522 2755 Litt.
1562 2714 1742 2765 Quadr„
1777 2721 1803 2754 t.
1838 2725 1898 2764 111,

259 2795 344 2830 pag.
377 2784 559 2830 189-191.
592 2782 783 2819 Nimirum
813 2792 900 2817 cum
932 2781 1119 2818 Theresia
1148 2791 1224 2817 van
1255 2782 1332 2816 den
1362 2780 1478 2827 Berg,
1511 2780 1636 2816 Patris
1666 2779 1898 2816 Theodorici

258 2845 403 2882 Canisii
425 2849 651 2890 matertera,
673 2845 791 2880 aedes
816 2844 1050 2889 Noviomagi
1076 2843 1262 2879 Societati
1289 2843 1416 2888 daret,
1437 2846 1479 2878 ut
1501 2842 1694 2878 sociorum
1721 2841 1838 2878 statio
1859 2841 1897 2877 in

260 2919 306 2943 ea
325 2908 419 2943 urbe
439 2911 664 2954 poneretur,
686 2907 784 2942 adeo
806 2906 1012 2942 multorum
1035 2905 1173 2951 animi,
1196 2915 1241 2940 ac
1261 2904 1300 2940 in
1321 2904 1456 2950 primis
1481 2904 1603 2950 ipsius
1625 2904 1742 2940 frater
1759 2903 1895 2939 Wich-

260 2980 443 3016 mannus,
471 2969 655 3005 commoti
684 2972 791 3013 sunt,
818 2973 860 3003 ut
891 2968 1116 3004 Leonardus
1142 2967 1298 3012 Kessel,
1326 2968 1390 3013 qui
1418 2967 1582 3003 Colonia
1610 2967 1896 3012 Noviomagum

260 3036 430 3078 venerat,
452 3032 544 3068 hinc
565 3032 700 3078 pulsus
721 3031 803 3066 sine
825 3041 934 3066 mora
955 3031 1140 3066 excedere
1161 3033 1318 3066 coactus
1339 3029 1463 3065 suerit.

315 3092 332 3118 2
387 3095 449 3131 Ad
470 3105 549 3130 rem
570 3094 778 3140 POLANCO,
795 3096 820 3129 t.
842 3101 883 3138 V,
905 3103 993 3138 pag.
1019 3092 1107 3138 282,
1128 3103 1165 3129 n.
1188 3101 1277 3139 773:
1298 3091 1417 3128 «Cum
1434 3091 1586 3126 interim
1603 3090 1759 3126 domum
1775 3089 1896 3133 illam,

262 3157 450 3194 Societati
477 3157 677 3201 donatam,
706 3154 895 3192 foeminae
925 3155 1078 3190 cuidam
1106 3154 1355 3190 habitandam
1382 3153 1650 3199 tradidissent,
1680 3153 1788 3199 cujus
1814 3155 1897 3188 erat
