2014 3528
750 307 794 344 31
827 305 928 341 JULu
963 294 1063 345 1556
1594 305 1669 344 395

97 399 187 447 telli
208 397 237 455 ¹,
262 398 302 444 el
326 398 432 463 qual
457 398 602 446 Padre
627 398 677 446 fu
702 411 892 464 pregato
916 400 974 448 da
998 417 1070 447 me
1093 399 1175 446 che
1212 399 1412 464 leggesse
1443 398 1484 446 la
1513 398 1718 446 dottrina

95 475 354 531 christiana,
379 473 510 538 quale
535 491 647 520 anco
673 474 733 521 ho
758 474 873 522 fatto
898 476 975 540 qui
1000 487 1228 538 stampare
1259 492 1283 521 e
1315 491 1529 539 spargere
1562 492 1642 538 per
1680 475 1720 521 la

96 550 186 596 mia
211 550 387 597 diocese
406 547 437 596 2.
465 549 641 610 Questa
664 549 866 596 dottrina
890 550 929 596 el
961 550 1171 613 predetto
1202 549 1259 595 ha
1289 549 1522 612 predicato
1551 550 1596 595 in
1630 549 1721 596 Ca-

99 625 271 672 merino
295 623 505 688 quindeci
531 624 696 687 giorni,
721 625 797 671 doi
823 625 945 671 uolte
974 624 1012 670 el
1039 625 1104 680 di,
1134 635 1180 670 et
1209 640 1387 687 sempre
1418 624 1463 669 in
1495 623 1584 670 mia
1614 640 1721 687 pre-

96 717 246 757 senza,
271 716 356 747 con
378 715 490 763 gran
515 697 813 746 satisfattione
837 699 908 747 del
934 699 1120 763 populo.
1154 698 1217 744 Et
1247 698 1414 761 perche
1447 699 1508 744 ho
1544 698 1719 746 ueduto

95 775 178 822 che
203 785 324 821 tutto
349 785 483 820 torna
508 773 552 819 in
579 790 691 837 gran
716 774 860 838 gloria
883 775 939 821 de
961 774 1055 820 Dio
1077 791 1100 820 e
1122 772 1270 819 utilita
1303 773 1360 820 de
1387 773 1416 818 l’
1436 773 1600 830 anime,
1628 790 1723 820 ma·

97 848 404 912 gnificandose
430 848 456 893 li
484 849 766 908 sacramenti,
792 865 872 912 per
895 848 923 894 li
949 847 1069 912 quali
1086 864 1133 893 se
1150 863 1308 893 receue
1327 847 1367 893 13
1385 848 1543 910 gratia,
1564 859 1608 893 et
1629 864 1723 893 ma-

98 922 218 968 xime
242 939 323 986 per
346 921 385 967 el
411 922 666 968 santissimo
691 934 973 968 sacramento
999 922 1072 968 del
1102 937 1244 984 corpo
1278 920 1349 967 del
1383 921 1562 984 Signor‚
1597 938 1668 967 me
1699 922 1723 968 e

98 988 245 1060 parso,
278 997 492 1043 hauendo
525 997 582 1043 da
615 997 708 1043 Dio
742 1007 902 1060 questa
925 996 1224 1054 commodita„
1252 995 1474 1042 mandarli
1500 1013 1581 1059 per
1606 1007 1725 1042 tutta

98 1071 138 1117 la
161 1071 250 1117 mia
274 1071 467 1129 diocese,
492 1071 611 1117 doue
637 1071 681 1116 in
707 1070 990 1129 Mathellica,
1016 1068 1258 1116 facendose
1285 1069 1312 1115 il
1339 1070 1588 1116 medesimo
1621 1070 1725 1116 offi-

96 1146 180 1203 cio,
208 1163 269 1191 un
303 1145 451 1192 Padre
483 1145 692 1202 Polonio,
725 1146 782 1192 de
815 1144 990 1192 lordine
1024 1144 1302 1201 zoccolante,
1333 1144 1392 1190 ha
1425 1145 1656 1208 imputato
1686 1145 1723 1191 el

99 1220 150 1268 P.
185 1220 428 1267 Emanuel’
456 1220 502 1266 in
532 1231 691 1284 questa
720 1220 954 1277 concione,
987 1219 1069 1265 che
1101 1236 1194 1265 non
1223 1219 1285 1265 sia
1317 1220 1594 1266 condecente
1626 1219 1724 1266 chel

98 1295 279 1353 marito,
304 1295 386 1341 che
411 1295 469 1340 ha
493 1294 693 1340 renduto
717 1294 746 1340 il
778 1294 935 1341 debito
966 1293 1049 1340 alla
1080 1294 1250 1352 donna,
1283 1293 1450 1340 debbia
1483 1294 1524 1340 la
1556 1295 1727 1340 matina

98 1369 284 1433 pigliare
307 1369 348 1415 el
379 1380 684 1423 sacramento„
710 1368 747 1415 Il
780 1369 1008 1416 contrario
1039 1380 1203 1414 teneua
1233 1368 1262 1415 il
1290 1369 1343 1416 P.
1379 1368 1622 1415 Emanuel'
1644 1385 1726 1431 per

99 1442 238 1489 molte
262 1443 486 1506 raggioni,
512 1442 706 1489 leuando
734 1443 862 1489 molti
898 1443 1114 1506 scrupuli,
1145 1442 1268 1488 accio
1301 1442 1328 1488 li
1366 1442 1486 1488 fideli
1524 1442 1726 1490 debbino

96 1517 363 1564 continuare
388 1517 413 1563 li
439 1518 723 1576 sacramenti,
747 1534 772 1564 e
789 1518 833 1564 in
854 1518 938 1564 essi
963 1534 1110 1564 cresca
1135 1517 1174 1562 la
1189 1518 1347 1581 gratia.
1367 1518 1543 1564 Contra
1562 1529 1726 1582 questo

97 1591 125 1638 il
153 1592 302 1639 Padre
326 1592 588 1639 zoccolante
612 1595 839 1640 comenzo
863 1610 888 1639 a
911 1593 1152 1640 esclamare
1183 1593 1335 1639 auanti
1363 1593 1401 1639 el
1435 1593 1527 1639 mio
1558 1593 1727 1639 vicario

97 1666 322 1730 generale,
348 1666 482 1730 quale
505 1684 586 1731 per
609 1668 753 1731 gratia
776 1668 848 1715 del
875 1668 1041 1732 Signor
1071 1684 1118 1714 se
1142 1670 1280 1714 trouo
1313 1668 1358 1713 in
1384 1666 1515 1714 fatto.
1551 1668 1615 1714 Et
1648 1667 1725 1714 di—

97 1741 242 1788 cendo
267 1740 297 1786 il
322 1740 438 1787 frate
460 1742 543 1788 che
567 1742 729 1789 uoleua
753 1743 911 1789 saltare
936 1743 981 1789 in
1007 1742 1216 1806 pergolo,
1240 1760 1264 1788 e
1288 1742 1385 1789 dire
1409 1744 1449 1788 el
1479 1742 1726 1798 contrario,

98 1815 137 1862 el
162 1815 329 1862 vicario
355 1815 399 1862 lo
423 1815 682 1879 prohibette
706 1817 788 1864 che
814 1834 906 1863 non
933 1817 977 1864 lo
1001 1815 1186 1874 facesse,
1213 1817 1334 1863 accio
1359 1817 1398 1863 el
1424 1817 1598 1880 populo
1634 1834 1725 1863 non

97 1890 281 1936 sentisse
305 1902 462 1954 queste
485 1892 828 1938 contradittioni
854 1892 900 1938 in
924 1891 964 1938 le
987 1908 1089 1938 cose
1113 1891 1170 1938 de
1194 1892 1304 1949 Dio,
1328 1892 1431 1938 anzi
1459 1892 1542 1938 che
1566 1908 1725 1938 uenes-

97 1980 196 2010 sero
220 1964 278 2011 da
305 1981 390 2022 me,
416 1965 535 2011 doue
561 1965 772 2028 potriano
797 1965 1015 2012 risoluere
1046 1965 1199 2029 quello
1230 1965 1313 2011 che
1344 1965 1481 2011 sarria
1512 1966 1591 2028 piu
1625 1982 1725 2028 spe-

98 2039 262 2087 diente.
289 2039 326 2086 Il
351 2039 612 2087 zoccolante
644 2058 791 2087 uenne
821 2040 988 2097 subito,
1019 2040 1278 2087 ‘dicendomi
1312 2040 1351 2086 la
1382 2057 1462 2086 sua
1492 2041 1725 2104 opinione,

98 2114 137 2159 al
162 2114 293 2178 quale
317 2115 361 2160 io
385 2115 553 2178 resposi
578 2115 660 2161 che
685 2133 764 2162 san
791 2116 1052 2162 Thomasso
1073 2114 1087 2139 ³
1113 2115 1158 2161 in
1182 2114 1224 2161 13
1242 2127 1386 2179 quest.
1418 2119 1475 2162 80
1494 2115 1539 2161 in
1560 2116 1656 2161 lart.
1683 2129 1726 2175 7,

98 2187 143 2233 in
167 2187 208 2233 13
233 2200 435 2251 resposta
457 2188 530 2235 del
558 2204 583 2235 2
609 2188 717 2253 arg⁰.
744 2207 830 2236 con
855 2207 934 2235 san
959 2189 1188 2253 Gregorio
1212 2190 1330 2235 tiene
1349 2189 1503 2254 quello
1522 2189 1605 2236 che
1627 2190 1728 2236 dice

98 2264 137 2308 el
162 2262 211 2308 P.
239 2262 496 2320 Emanuel',
513 2264 800 2311 remettendo
825 2264 851 2310 li
877 2265 1109 2328 coniugati
1134 2263 1175 2310 al
1200 2280 1283 2310 suo
1308 2264 1510 2321 arbitrio,
1537 2264 1726 2327 quando

100 2353 178 2399 per
201 2337 426 2400 procrear’
449 2355 478 2384 o
503 2338 679 2385 render’
701 2339 730 2384 il
755 2338 924 2396 debito,
945 2356 1166 2396 usauano;
1186 2339 1400 2402 perilche‚
1422 2338 1668 2385 uedendosi
1687 2338 1725 2384 el

99 2408 213 2457 frate
243 2411 449 2458 conuitto
480 2412 526 2458 in
558 2411 598 2458 la
628 2413 930 2475 conclusione,
963 2415 1189 2459 comenzo
1223 2430 1247 2458 a
1277 2409 1548 2476 reprendere
1581 2412 1726 2459 Ema-

100 2484 235 2542 nuel’‚
255 2486 337 2532 che
360 2486 545 2533 hauesse
570 2487 744 2550 parlato
769 2500 938 2552 troppo
966 2488 1258 2535 liberamente
1282 2489 1328 2534 in
1360 2487 1595 2551 reprobar’
1616 2488 1726 2534 sim-

100 2561 274 2624 pliciter
297 2561 324 2608 li
350 2563 522 2609 dottori
545 2564 627 2610 che
653 2574 878 2610 teneuano
904 2564 943 2609 13
974 2563 1188 2627 opinione
1220 2563 1462 2621 contraria,
1493 2574 1538 2609 et
1554 2563 1724 2621 ‚addu-

154 2731 167 2757 ¹
228 2734 518 2772 «comitabatur
537 2737 576 2774 P.
594 2736 883 2773 Emmanuelem
904 2734 1076 2788 [Gomes‚
1097 2736 1178 2773 sive
1199 2737 1246 2773 de
1266 2732 1550 2787 Montemayor]
1570 2737 1725 2783 quidam

100 2798 138 2835 P.
162 2797 324 2834 Carolus
345 2809 390 2835 ac
410 2798 525 2835 frater
544 2805 674 2836 noster
694 2800 922 2837 Hortensius
943 2800 1192 2838 Androtius».
1215 2799 1422 2845 POLANCO,
1440 2804 1464 2836 t.
1482 2808 1539 2846 VI,
1554 2811 1639 2847 pag.
1665 2802 1728 2847 83,

100 2871 136 2897 n.
161 2871 248 2908 270.

153 2921 169 2946 2
222 2925 322 2961 Vide
354 2925 445 2972 quid
471 2926 519 2961 de
546 2926 620 2962 hoc
643 2926 787 2972 libello,
816 2926 854 2962 in
881 2926 1006 2962 lucem
1033 2925 1149 2968 edito,
1177 2928 1214 2962 et
1241 2926 1289 2962 ab
1323 2925 1505 2971 episcopo
1533 2926 1726 2971 evulgato,

103 2988 373 3024 annotavimus
393 2988 431 3024 in
451 2988 658 3034 PoLANco‚
680 2993 706 3027 t.
726 2997 783 3035 VI,
805 2999 890 3035 pag.
915 2989 977 3033 84,
999 2991 1128 3025 annot.
1153 2999 1186 3025 1.

156 3046 170 3071 ³
226 3050 269 3086 In
283 3051 363 3097 ejus
383 3047 557 3088 Summa
571 3048 749 3101 theolog.
771 3054 866 3097 part.
883 3059 941 3087 111.
963 3050 1119 3096 Corrige
1136 3050 1252 3096 igitur
1271 3049 1488 3095 lectionem,
1504 3059 1602 3095 quae
1618 3049 1728 3095 lapsu

102 3112 345 3158 properantis
366 3113 504 3149 calami
525 3113 678 3159 irrepsit
697 3113 735 3149 in
754 3113 962 3158 PoLANCO,
984 3117 1009 3149 t.
1031 3121 1087 3158 v1,
1110 3123 1198 3160 pag.
1231 3113 1294 3159 87,
1316 3123 1350 3149 n.
1382 3113 1469 3160 285,
1489 3112 1555 3148 ubi
1576 3112 1662 3148 loco
1683 3120 1726 3148 111

104 3175 225 3222 partis
246 3175 385 3212 citatur
408 3175 489 3215 «2.a
511 3180 584 3214 23²²
604 3180 749 3224 quaest.
771 3177 833 3223 80,
855 3180 924 3212 art.
947 3186 1008 3223 7».
