2066 3516
741 300 789 331 22
821 287 1052 331 FEBRUARn
1072 287 1209 343 *1556*
1650 297 1694 329 21
1706 301 1720 330 1

148 396 281 465 quale
305 396 330 445 ὲ
355 409 472 445 stato
499 397 592 444 mio
615 413 893 462 compagno‚
921 397 978 444 ha
1001 397 1108 444 dato
1134 397 1304 461 grande
1322 395 1604 443 edificatione
1628 412 1712 442 con
1742 396 1781 442 la

148 491 229 521 sua
254 473 490 530 modestia,
516 473 753 520 diuotione
778 484 823 518 et
848 472 974 519 buon
1000 473 1224 536 exemplo.

216 549 303 596 Ho
328 549 508 595 lasciato
528 549 573 595 di
601 549 710 605 dire,
747 565 876 594 come
901 548 945 594 in
972 548 1269 611 Castiglione,
1301 547 1331 593 il
1357 558 1640 611 soprastante
1664 546 1784 594 della

151 622 391 670 fraternita
416 622 490 670 del
522 639 784 681 commune,
817 623 853 668 ci
892 639 1038 668 uenne
1074 622 1279 679 inuitare,
1306 639 1386 686 per
1411 623 1598 687 quando
1634 638 1784 686 passa-

152 698 357 745 rebbono
387 697 443 744 de
476 697 617 743 nostri
654 714 731 760 per
767 697 819 754 li,
852 696 1108 743 sarebbono
1146 697 1344 760 allogiati
1385 697 1498 743 nella
1531 696 1784 756 fraternita,

152 785 198 819 et
236 771 423 818 sarebbe
459 782 585 818 usata
620 771 718 817 loro
755 771 794 817 la
828 770 979 817 carita.
1020 770 1109 817 Lui
1145 787 1191 818 se
1227 771 1404 817 chiama
1440 772 1516 819 M.
1547 771 1786 835 Raphaelo

152 848 297 894 Ticci.

220 922 330 970 Non
358 922 472 968 altro
504 938 587 985 per
620 930 799 985 questa,
837 937 884 967 se
919 937 1011 966 non
1042 921 1404 968 raccomandarci
1439 921 1583 968 molto
1618 922 1787 968 humil-

155 1009 307 1044 mente
334 996 405 1042 all’
432 996 625 1043 orationi
650 1006 696 1042 et
719 995 833 1041 santi
859 994 1058 1059 sacrificij
1086 995 1130 1041 di
1157 995 1214 1043 V.
1245 995 1303 1042 R.
1334 996 1402 1053 Ρ.,
1427 996 1548 1042 accit}
1580 1014 1625 1043 se
1650 996 1788 1060 degni

156 1072 184 1119 il
208 1071 398 1136 Signore
423 1088 504 1135 per
530 1087 664 1117 mezo
688 1071 732 1117 di
758 1070 893 1134 quelli
920 1068 1129 1116 fauorirci
1156 1087 1240 1116 con
1268 1070 1295 1115 l'
1322 1070 1447 1116 aiuto
1478 1071 1578 1118 dela
1607 1088 1688 1117 sua
1720 1072 1789 1117 di-

157 1147 264 1193 uina
301 1146 466 1210 gratia,
508 1145 646 1192 acci&
673 1161 853 1208 sempre
893 1145 932 1190 la
963 1161 1043 1190 sua
1072 1156 1199 1190 santa
1228 1145 1419 1191 uolonta
1452 1145 1789 1209 cognosciamo,

147 1235 202 1269 ‘et
237 1223 534 1269 interamente
572 1219 804 1267 facciamo.
853 1219 916 1265 Di
966 1218 1160 1265 Firenze
1208 1233 1266 1265 22
1305 1219 1364 1266 de
1405 1219 1600 1266 Febraio
1654 1220 1787 1282 1556.

159 1297 223 1345 D.
250 1298 311 1345 V.
339 1297 398 1344 R.
428 1297 479 1343 P.
506 1312 641 1343 seruo
666 1295 859 1342 minimo
883 1305 928 1341 et
952 1294 1160 1358 figliuolo
1187 1295 1388 1359 indegno
1414 1295 1458 1341 in
1486 1295 1691 1354 Christo,

961 1389 1231 1435 LUDomco
1270 1405 1330 1435 DE
1367 1389 1662 1436 COUDRETO.

225 1500 477 1562 Inscriptio:
502 1497 541 1561 †
564 1498 626 1544 Al
656 1497 801 1544 molto
823 1497 946 1544 Rdo.
969 1497 1015 1544 in
1040 1498 1227 1545 Christo
1245 1498 1405 1556 padre,
1432 1499 1459 1545 il
1480 1499 1533 1547 P.
1559 1499 1632 1545 M.
1656 1499 1792 1563 Igna-

159 1574 230 1621 cio
254 1575 311 1621 de
337 1573 785 1637 Loyola‚>preposito
812 1574 1021 1637 generale
1054 1573 1170 1619 della
1202 1573 1507 1637 Compagnia,
1540 1574 1584 1620 in
1624 1574 1794 1631 Roma,

161 1666 185 1695 a
208 1649 295 1696 Sta.
329 1649 482 1695 Maria
513 1647 628 1695 della
660 1647 836 1694 Strada.
871 1648 979 1694 Alia
1012 1664 1160 1694 manu:
1204 1648 1300 1695 R.ta
1327 1648 1398 1694 alli
1437 1663 1494 1708 27
1531 1647 1601 1695 del
1635 1648 1794 1694 mede-

162 1724 293 1771 simo.

910 1880 1053 1916 1⁰89

635 1985 929 2023 LUDOVICUS
958 1986 1027 2023 DE
1056 1985 1328 2023 COUDRETO

482 2091 689 2138 PATRI
726 2091 1030 2138 IGNATIO
1067 2092 1163 2139 DE
1199 2091 1486 2139 LOYOLA

612 2205 843 2233 FLORENTIA
873 2205 922 2232 22
953 2205 1168 2232 FEBRUARH
1202 2195 1301 2245 1556
1329 2192 1357 2232 ¹.

168 2303 359 2351 Ignatiurn
380 2302 598 2339 accuratius
620 2302 733 2338 docet
753 2301 947 2339 Coudreto
974 2302 1020 2338 de
1043 2303 1333 2339 conditionibus
1362 2303 1497 2340 aretini
1519 2302 1673 2350 collegii
1696 2302 1803 2340 insti-

223 2365 646 2403 tuendi.—Societatis
665 2365 1191 2412 candidatus.-Responsio
1213 2366 1261 2402 ad
1282 2367 1500 2413 ignatianas
1523 2366 1803 2402 litteras.—De

224 2428 342 2465 sociis
362 2427 588 2464 florentinis.

936 2497 1038 2594 Jlis.

240 2636 401 2683 Molto
431 2636 554 2683 Rdo.
591 2635 635 2681 in
669 2634 855 2682 Christo
882 2634 1031 2682 Padre
1063 2645 1233 2681 nostro.
1273 2634 1342 2682 La
1374 2634 1519 2698 gratia
1550 2645 1595 2680 et
1625 2651 1734 2698 pace
1757 2633 1806 2680 di

175 2711 319 2758 Giesfi
356 2710 543 2758 Christo
584 2720 741 2755 nostro
781 2709 964 2772 signore
1004 2726 1076 2756 sea
1115 2726 1295 2773 sempre
1338 2726 1421 2756 con
1465 2709 1591 2756 tutti.
1635 2710 1806 2756 Amen.

175 2786 351 2848 Questa
378 2786 475 2831 sara
500 2801 581 2848 per
610 2785 757 2830 auisar
787 2785 868 2848 pisi
900 2784 1296 2847 particolarmente
1328 2785 1385 2830 V.
1424 2784 1484 2831 R.
1514 2784 1565 2830 P.
1598 2783 1715 2830 della
1740 2783 1808 2829 di-

174 2859 422 2923 spositione
442 2859 514 2905 del
539 2858 730 2922 collegio
755 2858 800 2904 d'
826 2859 1016 2904 Arezzo
1034 2857 1065 2915 ²,
1090 2870 1134 2904 et
1154 2858 1200 2915 ἐ,
1228 2859 1311 2904 che
1337 2858 1410 2905 Μ.
1439 2858 1673 2921 Agostino
1700 2857 1809 2903 Ric-

175 2934 316 2991 couri,
341 2933 369 2979 il
390 2932 495 2997 qual
511 2933 536 2979 ὲ
561 2931 590 2978 il
615 2932 861 2996 principale
880 2933 982 2980 delli
1003 2933 1208 2996 deputati
1230 2949 1310 2997 per
1330 2932 1603 2997 negociarlo,
1624 2932 1810 2996 quando

233 3113 246 3140 ¹
303 3116 360 3152 Ex
380 3104 620 3163 autographo
640 3115 679 3151 in
698 3115 776 3152 vol.
795 3114 837 3162 F,
859 3115 1003 3162 duplici
1024 3114 1129 3163 folio,
1150 3126 1186 3152 n.
1212 3116 1300 3163 187,
1322 3115 1426 3162 prius
1449 3123 1511 3162 51,
1534 3122 1596 3162 52.

232 3175 251 3201 ⁹
305 3179 404 3214 Vide
426 3179 535 3225 epist.
557 3178 805 3224 superiorem.
1186 3179 1204 3182 ”
