2008 3510
740 261 789 288 22
819 249 1032 289 OcTomus
1063 261 1162 302 1552
1635 258 1707 299 771

205 358 314 405 ΝΞΟ
330 356 454 414 mais,
471 361 608 403 senio
626 373 715 421 que
731 356 841 416 jhu.
861 355 957 414 X.·‚
974 374 1086 403 noso
1102 357 1229 403 Deos
1246 373 1269 403 e
1288 354 1470 412 senhor,
1485 371 1587 419 que,
1606 355 1765 401 semdo

142 434 269 479 Deos
292 431 657 494 imcorruptiuel,
683 448 728 477 se
760 432 869 477 vniu
900 448 1003 478 com
1030 447 1140 477 nosa
1169 434 1422 493 corrupcfio
1446 445 1532 492 por
1556 446 1639 475 nos
1661 429 1766 475 vnit·

140 525 211 554 em
238 507 350 553 hum
370 507 528 552 semtir
552 523 576 552 e
594 523 649 552 en
671 507 779 552 hum
803 523 965 570 quet-er
983 524 1007 553 e
1026 504 1394 560 conformidade,
1416 520 1497 549 nos
1515 503 1572 550 de
1591 520 1616 549 a
1634 503 1768 550 todos
1803 502 1812 510 ⁸

139 599 167 628 o
190 598 269 627 seu
293 591 440 627 samto
463 580 681 644 esperito‚
706 597 808 626 com
835 581 936 646 cuja
960 580 1141 626 virtude
1167 597 1212 625 se
1246 578 1446 642 destruja
1469 595 1523 623 en
1551 594 1631 623 nos
1656 594 1767 623 noso

140 657 305 720 propio
328 671 506 720 querer,
531 673 554 701 e
579 672 624 701 se
650 655 819 718 plamte
851 672 905 701 en
939 671 1069 700 nosas
1093 654 1232 700 almas
1262 670 1338 699 seu
1364 669 1507 708 amor,
1533 663 1583 698 vt
1609 668 1768 698 omnes

140 748 285 778 unum
311 731 560 793 sapiamus,
586 747 730 776 unum
761 730 988 788 dicamus,
1013 746 1160 776 vnum
1184 728 1447 784 sentiamus,
1476 727 1627 790 ipsum
1653 726 1767 773 seili-

142 817 217 852 cet
238 805 399 866 Jhum.
426 805 681 862 Christum,
700 804 967 851 crucifixum
987 821 1036 850 ac
1061 820 1244 867 passum
1265 819 1351 866 pro
1370 801 1562 866 peccatis
1587 801 1766 848 nostris.

143 881 313 926 Amen.

208 955 256 1000 A
276 964 412 1017 tergo:
441 953 659 1000 Trellado
683 953 740 999 de
760 952 899 998 huma
918 962 1039 999 carta
1058 953 1120 999 do
1140 951 1192 1000 P.
1213 952 1414 1012 Joannes
1431 950 1488 997 de
1507 951 1549 998 S.
1571 949 1767 1013 Miguel.

890 1140 917 1173 1
926 1139 1030 1174 322

703 1226 933 1264 ELPIDIUS
961 1226 1215 1263 UGOLETTI

441 1312 654 1359 PATRI
702 1312 1000 1359 IGNATIO
1046 1313 1139 1359 DE
1186 1312 1466 1359 LOYOLA

587 1405 794 1457 [PATAvio]
826 1418 874 1445 22
904 1418 1103 1445 ocrossms
1134 1404 1270 1457 [1552]
1301 1404 1330 1442 ¹.

145 1514 306 1551 Juvenis
326 1514 482 1561 quidam
510 1525 532 1550 a
558 1514 742 1550 cardinali
769 1515 952 1560 theatino,
979 1514 1127 1551 Joanne
1153 1514 1264 1550 Petro
1292 1513 1454 1559 Caraffa‚
1476 1514 1649 1560 mittitur,
1672 1515 1773 1560 apud

203 1581 355 1613 nostros
381 1577 420 1612 in
444 1577 609 1623 collegio
633 1576 1008 1613 &versaturus—Id
1035 1576 1189 1623 Elpidio
1224 1576 1413 1622 displicet,
1446 1576 1495 1612 ob
1529 1577 1774 1613 incommoda

176 1657 180 1658 ⁷
202 1640 339 1677 exinde
353 1639 669 1687 oritura—Quid
686 1640 725 1675 in
739 1640 896 1676 domino
913 1639 1160 1684 Bernardino‚
1177 1649 1195 1675 e
1212 1639 1470 1675 theatinorum
1485 1638 1641 1684 familia,
1657 1639 1773 1675 anim-

200 1703 393 1749 advertat,
416 1713 513 1750 quae
540 1702 612 1739 sibi
642 1712 718 1738 non
744 1703 1019 1748 probantur.—
1031 1702 1226 1749 Optimum
1253 1702 1453 1748 cujusdam
1467 1702 1621 1749 juvenis
1647 1712 1774 1738 exem-

141 1760 144 1762 ’
197 1765 515 1812 plum—Ignatii
537 1775 762 1812 responsum
785 1769 994 1812 exspectat.

947 1867 969 1901 †

906 1904 1008 1964 Jhs.

208 2004 486 2050 Charissimo
516 2004 677 2051 Padre.
706 2003 760 2049 Li
787 2004 934 2067 giorni
961 2003 1140 2067 passati,
1167 2004 1352 2067 quando
1376 2003 1468 2050 don
1490 2003 1772 2051 Bernardino

145 2079 203 2125 de
240 2078 455 2124 Theatini
481 2076 497 2103 ²
527 2095 641 2125 uene
672 2078 809 2137 costi,
841 2081 1053 2125 concerto
1087 2095 1172 2124 con
1212 2079 1320 2125 certi
1353 2080 1450 2125 suoi
1483 2078 1545 2126 dil
1575 2079 1771 2125 cardinal

147 2152 378 2199 Theatino
398 2151 413 2176 ³
437 2152 482 2199 di
509 2153 698 2198 mandar
722 2169 783 2199 un
810 2153 992 2216 giouen'
1012 2153 1055 2198 in
1081 2169 1172 2216 qua
1195 2153 1234 2198 al
1260 2153 1426 2210 studio,
1458 2154 1539 2199 che
1570 2165 1697 2199 staua
1727 2153 1771 2199 in

145 2238 270 2273 corte
293 2226 353 2272 dil
378 2226 591 2273 cardinal.
619 2225 707 2271 Fra
731 2226 863 2289 pochi
890 2226 1036 2289 giorni
1062 2243 1208 2272 uenne
1243 2226 1285 2272 in
1318 2243 1408 2291 qua
1438 2226 1542 2290 quel
1574 2227 1771 2284 indiano,

143 2300 408 2363 capellanno
439 2300 501 2347 dil
538 2301 755 2357 cardinal,
786 2312 831 2346 et
872 2301 1063 2364 negocio
1094 2318 1176 2347 son
1216 2302 1483 2365 monsignor
1512 2301 1627 2347 della
1659 2301 1771 2347 Tri-

146 2374 240 2420 αἰτεῖ
269 2372 284 2398 ⁴
313 2384 358 2420 et
387 2374 483 2420 don
523 2373 804 2420 Bet-nardino
846 2374 884 2419 la
924 2386 1094 2420 uenuta
1129 2375 1176 2421 di
1213 2386 1375 2439 questo
1409 2375 1656 2438 giouenne‚
1692 2391 1773 2438 per

145 2459 318 2510 quanto
345 2447 404 2492 ho
430 2458 595 2508 potuto
618 2448 775 2493 adesso
798 2447 1158 2510 conprehender’
1177 2448 1292 2495 delle
1317 2448 1468 2511 parole
1487 2448 1532 2494 di
1558 2465 1654 2494 esso
1677 2450 1771 2495 don

145 2521 440 2578 Bet-nardino,
464 2522 534 2567 ch'
555 2522 703 2567 auanti
733 2539 822 2568 non
850 2539 904 2567 ne
927 2539 1091 2585 sapeua
1118 2523 1281 2571 niente.
1305 2523 1539 2569 Andando
1563 2523 1607 2569 io
1626 2525 1771 2587 questi

145 2597 292 2660 giorni
317 2613 342 2642 a
366 2596 573 2653 Venetia,
600 2596 866 2660 monsignor
886 2597 945 2642 mi
971 2597 1099 2660 pai-lo
1117 2597 1161 2644 di
1179 2611 1340 2662 questo
1358 2598 1599 2661 giouenne‚
1621 2598 1771 2644 dicen-

202 2742 215 2767 ¹
273 2742 330 2779 Ex
346 2743 526 2790 originali
547 2743 586 2779 in
605 2745 681 2780 vol.
704 2743 744 2790 E,
764 2743 880 2779 unico
901 2743 1007 2790 folio,
1028 2755 1064 2781 n.
1086 2753 1149 2792 45,
1170 2746 1274 2791 prius
1296 2754 1356 2793 75.

200 2804 216 2830 '²³
271 2806 366 2854 Quis
398 2806 510 2842 suerit
540 2807 718 2843 dominus
749 2806 1018 2852 Bernardinus,
1054 2818 1073 2843 e
1103 2808 1283 2854 religiosa
1322 2808 1576 2844 theatinorum
1612 2807 1770 2853 familia,

145 2869 258 2915 plane
279 2868 482 2905 nescimus.
505 2868 565 2904 Ad
590 2869 764 2904 eumdem
786 2868 966 2914 scriptam
987 2869 1103 2905 fuisse
1131 2871 1178 2906 ab
1198 2869 1350 2916 Ignatio
1378 2871 1581 2916 epistolam
1601 2870 1770 2916 suspica-

146 2941 241 2977 mur,
262 2941 360 2977 quae
380 2931 479 2966 inter
498 2931 579 2976 ejus
603 2927 772 2975 Cartas,
795 2934 819 2966 t.
841 2939 903 2976 111,
925 2941 1011 2977 pag.
1035 2941 1109 2978 432
1133 2936 1169 2968 et
1189 2943 1266 2980 309
1288 2933 1484 2978 reperitur.

198 2990 214 3015 ³
267 2992 437 3029 Joannes
463 2992 596 3028 Petrus
623 2992 787 3038 Caraffa,
815 2993 880 3039 qui
905 2997 1058 3039 postea,
1085 2995 1258 3040 pontifex
1284 2999 1444 3041 creatus,
1473 2995 1613 3031 Paulus
1638 2994 1690 3030 IV
1716 2994 1770 3030 di-

146 3058 230 3091 ctus
250 3059 322 3092 est.

200 3114 215 3139 ⁴
268 3116 443 3154 Andreas
463 3117 710 3164 Lipomanus,
731 3117 835 3163 prior
854 3117 980 3154 Smae.
1001 3117 1210 3157 Trinitatis.
