2008 3510
736 301 758 340 3
790 287 979 328 Auousn
1011 287 1110 339 1548
1610 287 1688 339 667

858 471 885 504 1
893 469 924 504 8
932 470 958 505 ⁸8
966 469 998 504 3

675 555 906 595 ELPIDIUS
930 555 1187 594 UGOLETTI

432 644 648 691 PATRI
684 644 979 692 IGNATIO
1016 644 1111 691 DE
1146 643 1427 691 LOYOLA

621 748 794 774 PATAVIO
824 749 845 787 3
877 747 1050 775 Aucus‘n
1084 735 1184 786 1548
1215 733 1240 773 ¹.

283 844 487 881 Sociorum
515 844 722 881 litterariae
749 843 1453 882 exercitationes.-Sacramentorum
1480 853 1584 881 usus.

859 950 993 1046 Jlius.

184 1087 253 1134 La
286 1103 466 1133 summa
501 1087 647 1151 gratia
680 1097 725 1133 et
758 1102 866 1150 pace
907 1086 952 1134 di
993 1085 1179 1133 Christo
1212 1085 1274 1132 N.
1306 1085 1347 1133 S.
1385 1085 1448 1131 sia
1483 1100 1661 1148 sempre
1700 1084 1744 1130 in

119 1171 273 1207 nostro
297 1160 515 1207 continuo
536 1159 681 1206 fauor'
700 1170 745 1207 et
767 1160 903 1207 aiuto.
923 1161 1093 1208 Amen.
1123 1159 1296 1206 Perche
1316 1159 1461 1224 questi
1481 1159 1644 1222 giorni,
1665 1160 1747 1205 che

118 1252 263 1282 sonno
287 1235 389 1282 stati
407 1236 485 1299 qui
512 1235 538 1282 Ιὶ
561 1234 694 1282 Padri
715 1245 909 1282 maestro
927 1235 1021 1281 don
1041 1233 1248 1281 Giacobo
1267 1245 1312 1280 et
1335 1234 1427 1280 don
1449 1233 1695 1296 Alphonso
1715 1232 1746 1291 ²,

118 1310 270 1356 hanno
295 1310 466 1356 auisato
491 1309 531 1355 la
558 1311 616 1356 R.
644 1310 704 1357 V.
730 1308 1022 1373 longamente
1046 1309 1092 1355 di
1126 1308 1232 1354 tutti
1259 1308 1286 1354 li
1319 1307 1481 1354 fratelli
1506 1308 1551 1354 di
1581 1324 1681 1354 casa
1704 1319 1749 1354 et

118 1383 144 1430 il
176 1383 399 1430 esser-citio
430 1383 533 1430 nelli
563 1383 697 1447 studij
729 1382 776 1430 d’
795 1400 912 1441 essa,
944 1393 990 1429 et
1019 1382 1236 1446 per[che]
1271 1383 1407 1429 credo
1438 1383 1635 1428 anchora
1666 1382 1749 1428 che

117 1458 405 1504 scriueranno
424 1467 582 1521 questa
604 1457 842 1503 settimana
866 1457 923 1503 da
940 1456 1039 1502 Ven
1050 1456 1204 1520 [e]cia‚
1225 1458 1269 1502 in
1289 1466 1446 1520 questa
1469 1457 1571 1502 sero
1593 1455 1749 1513 breue,

117 1531 378 1578 auisandola
413 1531 660 1577 solamente
692 1547 822 1577 come
860 1547 941 1593 per
979 1531 1122 1594 gratia
1154 1530 1213 1577 dil
1257 1530 1422 1593 Signor
1457 1530 1562 1576 tutti
1601 1540 1750 1576 stamo

118 1605 256 1662 bene,
288 1616 334 1652 et
364 1605 398 1652 si
431 1606 605 1669 seguita
638 1605 740 1652 nelli
772 1605 968 1652 medemi
1000 1605 1209 1670 essercitij
1243 1605 1325 1651 che
1354 1605 1387 1650 si
1421 1604 1561 1650 solea:
1597 1605 1751 1651 Pietro

118 1678 311 1743 legendo
335 1679 362 1725 l’
382 1680 585 1726 oratione
604 1679 649 1726 di
674 1679 908 1736 Cicerone,
928 1690 973 1725 et
993 1678 1161 1725 Fuluio
1180 1678 1195 1703 ³
1221 1678 1494 1742 lageorgica
1512 1679 1558 1725 di
1584 1678 1750 1742 Vergi-

118 1754 194 1801 lio.
221 1753 283 1800 Di
318 1751 450 1800 fuora
484 1753 529 1800 di
561 1770 659 1799 casa
689 1754 886 1799 anchora
920 1770 1012 1799 non
1045 1753 1105 1799 ho
1136 1753 1251 1799 altro
1281 1753 1363 1800 che
1387 1753 1495 1810 dir’,
1521 1754 1749 1800 senonche

118 1843 416 1891 perseuerano
450 1827 723 1874 similmente
759 1827 887 1874 molti
924 1827 1025 1874 nelli
1058 1828 1297 1874 santissimi
1333 1828 1600 1875 sacramenti
1634 1827 1751 1874 della

118 1900 397 1948 confessione
416 1912 460 1948 et
478 1902 802 1948 communione
821 1902 930 1965 ogni
949 1902 1199 1948 settimana.
1224 1902 1312 1948 Per
1331 1913 1490 1965 questa
1509 1918 1599 1947 non
1620 1902 1751 1959 altro,

119 1975 346 2021 senonche
372 1976 477 2021 tutti
508 1976 542 2021 si
575 1977 1006 2023 raccommandamo
1033 1975 1128 2022 nele
1157 1975 1361 2022 oratione
1390 1975 1507 2023 delle
1535 1976 1593 2022 R.
1622 1976 1680 2022 V.
1707 1987 1752 2021 et

119 2050 164 2096 di
190 2050 295 2096 tutti
323 2050 350 2096 li
374 2050 621 2096 charissimi
646 2049 808 2099 fratelli
834 2051 879 2097 in
902 2050 1111 2110 Christo,
1135 2051 1163 2097 il
1189 2051 1339 2114 qualle
1364 2052 1427 2097 sia
1459 2067 1639 2114 sempre
1664 2067 1748 2097 con

122 2125 208 2171 noi.
243 2126 413 2173 Amen.
449 2125 511 2172 Di
548 2125 733 2172 Padoua
763 2140 789 2186 3
823 2125 868 2171 di
899 2125 1082 2188 Agosto
1113 2128 1247 2187 1548.
1285 2125 1321 2172 Il
1360 2137 1516 2172 vostro
1550 2125 1751 2189 indegno

122 2198 343 2262 figliuolo,

1173 2274 1287 2319 Don
1329 2274 1554 2321 EmeIo.

189 2384 440 2447 Inscriptio:
478 2385 510 2445 ΛΓ
546 2384 608 2430 Al
635 2385 778 2432 molto
806 2385 928 2433 Rdo.
955 2385 1000 2431 in
1029 2384 1213 2432 Christo
1244 2385 1390 2432 Padre
1421 2394 1632 2441 maestro,
1658 2385 1751 2431 don

124 2456 307 2520 Ignacio
352 2457 408 2503 de
456 2457 637 2517 Loiola,
686 2458 916 2522 preposito
961 2458 1077 2506 della
1119 2459 1406 2523 Compagnia
1457 2458 1536 2522 [de
1578 2458 1750 2522 Gie]ss1

125 2541 330 2590 ossei-‚¹¹¹0,
357 2530 402 2576 in
427 2531 591 2578 Roma.

183 2685 193 2710 ¹
252 2687 309 2724 Ex
329 2687 507 2734 originali
535 2688 574 2724 in
594 2689 670 2725 vol.
698 2684 834 2738 Epist.
858 2686 904 2726 P.
932 2685 1241 2732 Ribadenez'ra,
1262 2692 1299 2725 et
1320 2689 1367 2726 ab
1389 2689 1462 2726 hoe
1482 2692 1651 2734 exarato,
1672 2688 1756 2724 uni-

129 2760 174 2787 co
196 2750 300 2795 folio,
322 2762 358 2787 n.
380 2751 416 2796 8,
437 2751 542 2797 prius
562 2762 653 2796 440,
675 2750 885 2797 antiquitus
906 2761 995 2797 439.

183 2810 200 2836 ²
254 2812 385 2850 Patres
405 2812 575 2849 Jacobus
594 2806 735 2850 Laine'z
756 2816 792 2848 et
812 2812 1037 2859 Alphonsus
1057 2812 1270 2849 Salmeron.

183 2872 199 2897 ³
253 2875 405 2912 Fratres
424 2879 525 2922 tuno,
542 2879 678 2922 postea
698 2876 915 2912 sacerdotio
932 2875 1050 2923 aucti,
1065 2876 1196 2912 Petrus
1213 2876 1259 2912 de
1275 2874 1529 2911 Rivadeneira
1545 2876 1582 2909 et
1597 2873 1755 2910 Fulvius

132 2937 333 2976 Cardulus.
