2008 3510
0 3373 5 3399 .-
0 3316 10 3355 «ns,
0 3284 1 3287 „

747 278 770 318 5
800 245 1049 339 Nov'EMBius
1079 268 1180 319 1556
1654 278 1731 318 505

148 388 214 419 est
237 383 458 435 cognatus
489 371 563 419 M.
588 371 780 419 Gerardi
804 373 1119 420 dordracensis
1140 374 1169 430 ¹,
1193 372 1271 436 qui
1305 372 1349 418 in
1382 371 1671 436 politioribus
1697 389 1790 419 non

148 447 209 492 ita
243 457 447 491 versatus
479 457 566 502 est;
599 445 700 492 ideo
733 463 840 492 cum
872 446 966 493 aliis
997 445 1304 493 confratribus
1337 446 1464 492 audit
1492 445 1790 503 dialecticam,

148 519 418 565 rethoricam
453 531 498 565 et
528 535 667 565 vnam
700 519 938 566 lectionem
970 537 1168 584 grecam,
1202 536 1339 583 quam
1375 520 1595 583 praelegit
1628 521 1792 567 nostris

150 593 384 639 Heni-icus
409 593 688 639 dinantensis
707 592 737 650 ²,
766 594 842 658 qui
869 595 958 640 iam
983 594 1129 657 capite
1155 605 1272 639 recte
1305 593 1438 640 valet.
1475 593 1640 639 Petrus
1663 593 1790 640 colo-

151 667 315 713 niensis
333 666 349 691 ³
374 667 594 730 praelegit
619 668 907 714 rethoricam.
939 669 1010 714 De
1045 668 1175 714 bonis
1199 668 1289 713 suis
1322 667 1429 713 nihil
1457 668 1606 713 adhuc
1638 679 1790 714 actum

148 753 227 798 est,
254 742 360 805 quia
383 741 478 787 eius
511 753 655 787 mater
686 742 834 788 adhuc
865 743 909 788 in
941 744 1035 789 vita
1060 755 1140 790 est.
1177 742 1457 798 Franciscus,
1491 741 1567 804 qui
1598 758 1703 787 cum
1736 758 1790 787 eo

150 815 328 861 Vienna
355 827 554 874 venerat,
574 816 618 861 in
640 817 803 878 spiritu
823 829 867 862 et
887 817 1026 864 literis
1051 818 1165 864 bene
1185 816 1380 880 proficit,
1399 816 1663 876 audit-enim
1684 833 1788 862 cum

148 890 242 935 aliis
266 889 544 936 dialecticam
571 902 616 936 et
641 890 915 937 rethoricam
941 904 986 937 et
1013 891 1251 938 lectionem
1277 907 1475 953 grecam.
1508 890 1631 935 Bene
1654 906 1790 952 cupe-

148 976 216 1011 ret
240 981 345 1011 cum
371 964 438 1023 iis,
465 965 543 1028 qui
569 965 816 1028 aliquando
852 966 1052 1011 Romam
1084 963 1334 1028 profecturi
1369 976 1490 1022 sunt,
1521 964 1657 1009 etiam
1692 965 1790 1010 Ro-

149 1056 270 1085 mam
298 1039 531 1102 proficisci.
562 1039 725 1087 Habet
748 1040 819 1085 hic
847 1039 1086 1086 nobiscum
1119 1040 1237 1086 duos
1276 1050 1462 1101 nepotes
1494 1037 1686 1094 nobiles,
1713 1039 1789 1100 qui

149 1130 194 1159 se
220 1114 430 1159 Societati
455 1114 698 1171 dederunt,
715 1115 914 1179 juuenes
940 1114 1220 1160 naturalibus
1252 1115 1426 1176 optime
1455 1114 1616 1160 dotati.
1648 1113 1791 1158 Fran-

148 1188 288 1234 ciscus
312 1189 402 1234 iam
427 1188 482 1234 ab
508 1189 661 1234 amicis
688 1201 873 1234 vocatus
896 1202 977 1246 est,
1006 1206 1109 1234 nam
1135 1188 1276 1234 frater
1299 1188 1408 1244 eius,
1441 1188 1518 1251 qui
1550 1204 1728 1250 semper
1752 1191 1788 1236 ei

148 1263 403 1308 contrarius
427 1261 530 1321 fuit,
556 1275 600 1308 et
630 1263 854 1308 Francisci
881 1263 1002 1309 bona
1027 1262 1223 1319 tenebat,
1249 1263 1337 1307 iam
1359 1272 1570 1307 mortuus
1590 1275 1671 1308 est.
1690 1262 1791 1307 Do-

150 1337 301 1382 minus
325 1338 382 1382 sit
405 1337 442 1383 ei
470 1337 720 1399 propicius,
746 1338 840 1400 qui,
864 1354 969 1383 cum
1002 1338 1046 1383 in
1073 1337 1285 1383 extremis
1315 1349 1458 1393 esset,
1479 1336 1790 1399 praesentibus

150 1411 355 1467 testibus,
381 1411 497 1457 dixit
529 1411 662 1457 vxori
695 1428 817 1470 suae,
856 1413 982 1474 quod
1018 1411 1282 1468 Francisco,
1311 1427 1394 1456 suo
1428 1409 1571 1468 fratri,
1606 1410 1791 1456 deberet

104 1517 107 1521 -
150 1497 324 1547 partem
352 1502 497 1543 suam,
525 1486 572 1532 id
595 1498 663 1531 est
686 1498 863 1549 partem
890 1486 1142 1543 bonorum,
1168 1502 1284 1549 quae
1309 1484 1550 1530 Francisco
1574 1500 1631 1529 ex
1656 1495 1791 1529 testa-

151 1571 308 1605 mento
334 1560 472 1622 patris
496 1560 562 1605 sui
587 1559 823 1622 competit,
859 1576 997 1623 quam
1037 1560 1244 1605 nondum
1284 1571 1527 1622 receperat.
1565 1557 1634 1602 Sic
1658 1573 1790 1619 spero

149 1634 276 1696 quod
296 1633 334 1678 F
337 1634 561 1679 ranciscus
578 1634 720 1679 modo
740 1633 879 1679 finem
900 1633 1107 1696 imponet
1127 1650 1232 1679 cum
1250 1632 1418 1688 amicis,
1434 1644 1479 1678 et
1498 1632 1622 1695 quod
1647 1631 1684 1676 F
1688 1648 1789 1676 ran-

148 1707 264 1752 cisco
284 1706 420 1753 libere
439 1707 722 1771 relinquetur
746 1724 847 1770 pars
870 1724 964 1763 sua;
987 1708 1066 1753 sed
1085 1707 1141 1753 de
1163 1707 1232 1752 his
1256 1707 1362 1752 alias
1381 1706 1525 1769 plura.
1550 1705 1661 1750 Dies
1685 1716 1790 1750 octo

150 1792 257 1826 sunt
286 1781 411 1844 quod
443 1780 677 1844 profectus
700 1781 770 1837 sit,
795 1781 874 1827 sed
900 1780 1010 1827 nihil
1036 1781 1185 1827 adhuc
1214 1781 1270 1826 ab
1295 1798 1348 1826 eo
1373 1779 1662 1843 percepimus
1682 1777 1708 1824 ⁴.

216 1855 328 1900 Duo
359 1855 428 1904 alii
468 1855 638 1918 egregii
680 1855 1008 1913 adolescentes,
1039 1871 1238 1918 quorum
1274 1871 1391 1899 vnus
1420 1864 1488 1899 est
1519 1852 1788 1915 lotoringus‚

150 1927 262 1974 alter
302 1929 655 1991 antwerpiensis,
693 1942 737 1974 et
781 1929 976 1975 Louanii
1018 1942 1282 1992 promotus,
1318 1945 1363 1974 se
1404 1928 1540 1973 etiam
1579 1926 1788 1972 Societati

150 2001 396 2058 dederunt3
435 2002 515 2048 sed
546 2002 754 2048 nondum
785 2018 863 2048 eos
895 2003 939 2048 in
970 2002 1163 2048 domum
1197 2002 1462 2065 recepimus.
1496 2001 1551 2046 In
1586 1999 1789 2063 profesto

149 2075 359 2120 omnium
400 2086 662 2122 sanctorum
709 2076 766 2122 ad
809 2092 891 2122 nos
932 2075 1057 2122 venit
1098 2076 1287 2139 quidam
1331 2075 1516 2139 nobilis,
1561 2090 1788 2120 annorum

204 2251 216 2276 ¹
275 2255 467 2291 Gerardus
492 2255 554 2291 hic
575 2255 844 2291 dordracensis
869 2255 963 2291 alibi
985 2259 1144 2290 vocatur
1167 2254 1285 2291 Cools
1317 2253 1526 2301 (Brassica)
1552 2251 1622 2287 «ne
1647 2254 1666 2286 a
1686 2252 1788 2287 Dor-

150 2317 283 2353 drecht
307 2327 354 2353 en
379 2326 492 2365 1531,
515 2317 638 2353 admis
665 2321 685 2352 a
714 2317 887 2363 Cologne
915 2328 961 2352 en
985 2325 1098 2364 1552,
1126 2321 1226 2352 mort
1245 2320 1265 2351 a
1291 2316 1416 2352 Neuss
1438 2326 1484 2350 en
1509 2315 1646 2362 1556.›
1674 2314 1789 2350 DEL-

150 2386 294 2424 PLACE,
316 2375 679 2416 L’dtablz'ssement
694 2376 746 2416 de
766 2376 810 2415 la
833 2375 1095 2429 Compagnie
1115 2375 1167 2415 de
1191 2374 1331 2422 Jbsus,
1353 2389 1388 2424 p.
1410 2388 1501 2424 3.—
1511 2377 1671 2413 Gerardi
1697 2376 1789 2412 obi-

150 2448 231 2477 tum
250 2441 539 2477 accuratissime
559 2445 688 2477 narrat
708 2441 819 2487 epist.
841 2441 953 2485 1066,
975 2451 1102 2486 supra,
1123 2450 1210 2486 pag.
1232 2441 1283 2487 96
1305 2445 1341 2475 et
1360 2451 1467 2486 seqq.

203 2500 220 2525 2
278 2503 417 2540 ‹Henri
438 2505 485 2540 de
506 2504 679 2540 Sommal
701 2503 981 2551 (Sommalius),
1003 2501 1051 2538 ne'
1069 2500 1093 2538 a
1113 2502 1257 2538 Dinant
1281 2514 1327 2538 en
1351 2511 1462 2550 1534,
1481 2501 1607 2537 admis
1627 2498 1650 2535 a
1670 2499 1787 2535 Rome

151 2576 198 2600 en
221 2574 335 2613 1554,
356 2570 456 2602 mort
474 2564 499 2602 a
517 2566 801 2602 Valenciennes
821 2568 856 2602 le
883 2576 934 2612 30
954 2565 1062 2601 Mars
1087 2565 1202 2612 1619;
1230 2565 1257 2601 il
1287 2565 1343 2601 fut
1370 2569 1520 2600 recteur
1539 2561 1563 2598 a
1588 2563 1744 2608 Dinant,
1765 2560 1788 2598 a

151 2628 251 2675 Huy,
278 2626 302 2664 a
322 2628 606 2665 Valenciennes
636 2634 674 2665 et
701 2626 723 2664 ὲ
749 2629 911 2665 Douai.»
934 2629 1171 2673 DELPLACE‚
1199 2625 1226 2664 l.
1249 2639 1296 2673 c.‚
1318 2639 1352 2673 p.
1378 2640 1412 2672 4.
1435 2627 1490 2662 De
1512 2636 1557 2662 eo
1579 2626 1786 2670 POLANCO‚

152 2698 177 2729 t.
196 2699 255 2738 VI,
274 2703 363 2738 pag.
384 2702 474 2738 423,
497 2702 532 2728 n.
557 2692 677 2729 1818:
701 2692 914 2728 «Henricus
940 2691 1136 2728 Somalius
1165 2691 1426 2735 dionatensis,
1450 2700 1536 2725 cum
1565 2688 1703 2733 capitis
1724 2689 1788 2723 do-

151 2755 242 2800 lore,
263 2754 362 2790 sieut
382 2755 420 2790 in
439 2755 563 2800 Italia,
585 2754 639 2790 ita
659 2755 774 2790 etiam
794 2754 979 2791 Coloniae
1001 2753 1247 2799 affligeretur,
1271 2754 1522 2797 Dionantum,
1544 2761 1643 2797 quae
1665 2751 1789 2797 patria

151 2815 232 2861 ejus
252 2821 346 2860 erat,
368 2815 508 2851 missus
529 2819 598 2860 est,
617 2816 683 2851 ubi
704 2821 741 2852 et
761 2815 972 2852 valetudini
995 2815 1253 2851 consuluit...»

202 2875 218 2898 ²³
273 2877 406 2914 Petrus
426 2877 567 2923 Haupt.
587 2875 689 2915 Litt.
714 2875 894 2925 Quadra,
915 2883 940 2915 t.
962 2886 1018 2923 1V,
1041 2887 1127 2923 pag.
1149 2877 1238 2924 615.

204 2935 217 2960 ³
276 2939 528 2975 «Franciscus
553 2939 794 2986 Hemerulus,
816 2940 854 2975 in
880 2940 1046 2985 patriam
1072 2938 1286 2985 profectus,
1309 2949 1369 2974 res
1395 2948 1485 2973 suas
1513 2937 1712 2983 componit
1738 2936 1787 2971 ob

152 3001 278 3036 fratris
297 3001 356 3036 sui
376 3001 537 3046 obitum,
554 3001 619 3047 qui
640 3001 674 3036 ei
695 3002 881 3037 haetenus
902 3002 939 3036 in
961 3001 1038 3036 illis
1058 3001 1220 3046 obstitit;
1238 3010 1474 3044 reuersurus,
1494 2998 1548 3034 uti
1572 3008 1785 3044 speramus,

150 3069 239 3099 ante
266 3062 364 3099 festa
389 3063 613 3099 Natalitia».
638 3060 733 3100 [itt.
758 3061 939 3111 Quadr„
960 3068 985 3099 t.
1008 3071 1064 3108 lv,
1094 3073 1180 3109 pag.
1201 3063 1290 3112 615.
1314 3064 1411 3099 Vide
1440 3062 1554 3098 etiam
1583 3067 1712 3098 annot.
1750 3069 1784 3108 5,

152 3127 241 3163 huic
260 3128 346 3163 loco
367 3127 589 3174 subjectam.
