2040 3528
800 299 849 337 19
877 287 1094 327 Oea-oms
1127 298 1228 339 1555
1727 299 1778 337 39

181 408 446 456 numquam
472 392 530 439 de
551 391 694 455 penis,
720 403 821 452 etc.,
848 394 976 457 quod
1009 393 1139 450 absit,
1171 409 1278 439 nam
1309 392 1553 439 innimicus
1575 392 1719 438 homo
1744 393 1832 440 hoc

182 465 311 523 fecit,
337 465 507 525 Lucae,
540 481 592 527 13
619 472 691 524 c.⁰,
717 484 895 532 porque
923 478 1018 514 esta
1047 483 1438 532 comgreguacam
1463 485 1487 513 e
1512 467 1595 514 hos
1619 483 1710 532 que
1735 468 1835 514 nela

180 539 420 604 :profesam
446 557 544 586 sam
568 541 815 588 catholicos
838 560 863 589 e
886 540 1151 588 defensores
1175 542 1234 588 da
1265 541 1353 588 ffee
1378 554 1423 588 et
1448 541 1512 588 sal
1536 553 1675 600 terre,
1703 541 1834 589 Mat-

186 615 280 662 thei
308 620 369 677 5.⁰
391 620 463 671 c.⁰,
490 615 547 661 he
571 616 807 679 aprouada
832 616 957 680 pelos
988 633 1146 664 sumos
1169 617 1446 680 pomtifices,
1471 616 1753 680 presidentes
1777 634 1835 664 na

179 690 328 754 igreia
351 690 408 737 de
434 691 578 749 Deos,
602 708 706 738 com
732 692 1026 739 verdadeiros
1050 692 1358 738 testimunhos
1382 693 1439 739 de
1463 709 1545 738 sua
1570 692 1676 739 vida
1698 709 1724 739 e
1747 709 1833 756 pu-

179 781 294 811 ·reza
324 765 383 812 de
413 782 516 811 suas
548 778 717 812 samtas
745 766 1079 827 imstitucomes
1109 783 1134 812 e
1164 767 1497 813 documemtos.
1529 767 1723 813 Outrosi
1754 784 1833 814 seu

182 839 330 886 modo
354 840 412 887 de
436 840 568 887 uiuer
592 841 649 888 he
673 841 985 888 corroborado
1004 858 1086 905 per
1109 857 1299 887 comum
1323 843 1724 889 consemtimemto
1751 843 1835 890 dos

180 914 398 978 prelados
422 932 512 979 que
537 931 790 978 gouernam
817 933 919 962 suas
943 915 1160 979 prelacias
1194 934 1218 962 e
1252 933 1364 979 muy
1396 917 1727 964 efficazmemte
1753 935 1835 982 per

178 1004 291 1051 reys
331 1005 355 1034 e
397 990 630 1052 principes
669 990 915 1036 catholicos
954 1007 979 1036 e
1018 990 1398 1037 communidades
1438 992 1580 1037 omde
1622 992 1833 1040 residem.

187 1062 233 1109 E
257 1063 416 1109 temdo
441 1063 501 1109 asi
529 1080 576 1109 as
601 1063 745 1110 raizes
769 1075 863 1110 tam
889 1063 1001 1110 fixas
1024 1081 1049 1110 e
1071 1080 1124 1110 os
1153 1062 1483 1111 fundamentos
1516 1065 1562 1111 in
1598 1065 1835 1112 montibus

178 1137 367 1194 sanctis,
386 1154 522 1184 como
540 1138 619 1184 diz
644 1138 706 1184 ho
723 1136 839 1202 cap.⁰
861 1138 1185 1185 Fundamenta
1202 1138 1260 1185 de
1278 1139 1512 1198 electione,
1536 1140 1581 1185 in
1603 1139 1679 1198 6.⁰,
1703 1153 1834 1203 porte

186 1210 324 1258 inferi
350 1228 442 1258 non
467 1212 800 1276 praeualebunt
821 1211 834 1237 ¹
858 1213 1079 1259 adversus
1096 1229 1189 1270 eos,
1208 1225 1254 1259 et
1273 1230 1447 1274 merces
1465 1230 1627 1260 eorum
1652 1214 1835 1277 copiosa

178 1285 273 1332 =erit
297 1285 342 1331 in
367 1285 488 1346 celis.
514 1286 719 1332 Matthei
748 1292 812 1348 5.⁰
837 1292 896 1333 c.⁰

254 1359 332 1406 Eu
363 1360 505 1405 tenho
537 1360 810 1421 comfiamca
840 1377 898 1406 na
929 1360 1152 1407 immensa
1184 1360 1497 1407 misericordia
1529 1361 1591 1408 do
1621 1361 1835 1425 omnipo-

189 1444 331 1480 temte
350 1434 499 1493 Deos,
517 1451 622 1498 que,
648 1436 1036 1498 permanecemdo
1054 1447 1148 1482 esta
1165 1434 1457 1499 Companhia
1476 1452 1551 1482 em
1570 1447 1665 1482 esta
1683 1453 1835 1482 armo-

183 1507 262 1554 ·nia
288 1508 510 1571 spiritual,
535 1526 716 1573 sempre
741 1526 820 1556 seu
844 1510 1002 1557 estado
1020 1526 1118 1556 sera
1142 1509 1235 1557 fixo
1259 1527 1284 1556 e
1308 1522 1644 1573 permanemte,
1669 1527 1693 1557 e
1718 1510 1834 1557 alem

177 1582 244 1629 de
275 1583 586 1647 consiguirem
618 1601 642 1630 a
672 1583 780 1631 uida
809 1596 985 1642 eterna,
1018 1602 1043 1631 a
1074 1584 1208 1632 todos
1239 1585 1476 1632 deixaram
1506 1585 1782 1632 verdadeiro
1812 1603 1836 1631 e

186 1656 298 1703 bom
330 1658 544 1721 exemplo
575 1659 632 1705 de
665 1676 747 1705 sua
778 1659 982 1716 virtude,
1014 1671 1060 1706 et
1090 1658 1340 1723 fulgebunt
1369 1660 1414 1706 in
1445 1659 1602 1706 eclesia
1638 1659 1750 1718 Dei,
1785 1672 1836 1706 vt

188 1731 406 1794 splendor
428 1732 704 1779 firmamenti
730 1745 775 1779 et
800 1746 850 1779 vt
868 1733 977 1780 stele
997 1733 1043 1780 in
1062 1745 1307 1797 perpetuas
1325 1734 1586 1780 eternitates
1610 1733 1834 1791 mansuri,

183 1817 241 1852 vt
264 1806 404 1867 docet
430 1819 582 1853 textus
606 1808 650 1853 in
677 1806 740 1855 6.⁰
763 1813 821 1855 c.⁰
846 1809 992 1872 Super
1015 1808 1199 1872 specula
1221 1808 1279 1856 de
1304 1809 1547 1873 magistris.

251 1879 574 1944 Obriguacam
600 1894 693 1928 tem
720 1883 855 1929 todos
877 1900 929 1930 os
953 1900 1044 1947 que
1069 1883 1298 1947 presidem
1323 1883 1499 1931 viribus
1523 1895 1568 1931 et
1593 1901 1724 1948 posse
1748 1885 1833 1932 de-

182 1952 386 2013 femder,
412 1955 673 2002 substentar
695 1972 720 2002 e
743 1973 955 2020 amparar
982 1969 1076 2004 tam
1101 1957 1343 2004 vtilissimo
1369 1958 1540 2015 estado,
1567 1959 1834 2006 resestimdo

178 2045 263 2075 <aos
288 2029 423 2076 filhos
447 2030 505 2077 de
530 2030 684 2088 Belial,
710 2031 788 2096 qui
808 2031 1066 2079 moliuntur
1083 2034 1318 2079 destruere
1342 2033 1524 2079 vineam
1544 2034 1722 2080 domini
1744 2034 1832 2080 Dei

178 2103 403 2161 Sabaoth,
424 2106 666 2152 trazemdo
685 2104 820 2152 falsas
838 2123 1051 2154 razomes
1065 2124 1175 2170 pera
1190 2108 1472 2154 substemtar
1487 2125 1590 2154 seus
1607 2108 1831 2167 herrores,

175 2195 239 2224 .ao
263 2195 353 2242 que
378 2195 424 2225 se
450 2179 524 2225 lhe
542 2179 601 2225 ha
619 2181 676 2226 de
695 2180 880 2240 resistir,
899 2181 1007 2245 quia
1024 2199 1168 2240 error,
1188 2182 1261 2229 cui
1283 2199 1374 2228 non
1394 2182 1635 2241 resistitur,
1659 2199 1830 2246 appro-

179 2252 336 2311 batur,
365 2264 414 2299 vt
438 2253 587 2299 innuit
613 2265 766 2300 textus
790 2255 835 2301 in
861 2272 1006 2303 error.
1035 2259 1092 2316 83
1114 2256 1381 2303 distintione
1405 2273 1512 2303 cum
1538 2256 1762 2303 similibus
1787 2269 1832 2303 et

178 2326 295 2373 fiant
314 2343 460 2390 erguo
480 2326 496 2351 ²
515 2328 764 2375 nouissima
783 2346 885 2375 mea
903 2330 1073 2376 horum
1093 2330 1269 2387 similia;
1289 2342 1335 2377 et
1352 2331 1431 2394 qui
1452 2330 1737 2378 benedixerit
1754 2331 1830 2388 eis,

179 2401 273 2448 >erit
297 2400 580 2459 benedictus,
605 2415 651 2449 et
675 2403 755 2467 qui
783 2403 1083 2461 maledixerit,
1109 2404 1155 2451 in
1180 2405 1501 2451 maledictione
1527 2405 1830 2468 reputabitur,

181 2475 380 2522 Nvmeri
410 2491 470 2535 24
494 2476 563 2534 c.⁰,
584 2489 630 2524 et
656 2494 763 2541 pera
787 2494 878 2543 que
895 2479 941 2525 in
960 2477 1174 2526 futurum
1194 2497 1240 2526 se
1258 2497 1392 2543 possa
1409 2480 1573 2526 obuiar
1590 2497 1642 2526 aa
1660 2480 1832 2526 malitia

179 2551 268 2599 dos
297 2551 575 2598 detractores
605 2570 710 2599 com
740 2554 951 2601 caridade
981 2553 1199 2601 fraternal
1228 2572 1252 2602 e
1284 2554 1555 2602 verdadeiro
1588 2555 1742 2601 deseio
1772 2554 1832 2601 da

179 2618 526 2687 comseruacam
558 2628 685 2674 desta
714 2640 861 2675 samta
894 2629 1207 2692 Companhia,
1243 2629 1564 2675 humilmemte
1602 2646 1717 2692 peco
1753 2645 1831 2675 aos

186 2699 359 2746 Padres
383 2700 485 2747 dela
508 2717 589 2764 per
613 2701 784 2748 viscera
809 2702 1117 2750 misericordie
1148 2703 1254 2760 Dei,
1287 2719 1378 2767 que
1409 2719 1590 2766 sempre
1614 2720 1660 2749 se
1686 2702 1828 2750 alem-

184 2771 315 2820 brem
329 2774 391 2820 do
405 2791 496 2838 que
515 2775 595 2822 dix
611 2793 640 2822 o
660 2776 870 2840 apostolo
888 2777 1034 2824 Paulo
1053 2777 1111 2824 ad
1127 2777 1436 2824 Timotheum
1453 2783 1511 2825 c.⁰
1529 2775 1591 2825 6.⁰
1610 2778 1828 2841 precipue

238 2968 252 2993 ¹
309 2969 383 3007 Ms.
396 2968 879 3020 pervalebunt.—Verba
896 2983 942 3011 «e
957 2958 1240 3012 temdo‘asi...»
1259 2984 1380 3021 usque
1397 2974 1446 3010 ad
1463 2977 1608 3024 «porte
1624 2971 1822 3024 inferi...»

183 3032 444 3078 praetermisit
462 3032 640 3083 TELLES,
663 3031 690 3071 l.
712 3046 748 3072 c.

239 3091 256 3118 2
311 3095 428 3141 Apud
447 3094 610 3134 TELLES
629 3097 686 3133 sic
705 3097 809 3134 hunc
828 3098 958 3134 locum
984 3099 1160 3146 legimus:
1191 3098 1317 3147 «Quia
1345 3110 1460 3145 error,
1490 3100 1551 3135 cui
1573 3109 1651 3135 non
1671 3098 1827 3135 resisti-

182 3161 260 3204 tur,
283 3158 530 3205 approbatur,
550 3163 593 3196 vt
612 3160 728 3197 docet
747 3165 840 3200 text.
861 3162 900 3198 in
920 3172 1006 3209 cap.
1034 3172 1161 3199 errore
1186 3162 1291 3199 fiant.
1324 3161 1424 3209 Ergo
1446 3163 1724 3199 novissima...»
1748 3166 1823 3198 etc,
