2008 3510
290 276 367 313 666
759 273 991 313 ΕΡιετοιΑΕ
1022 273 1348 325 Mutua—1272

241 380 456 447 patientia
481 381 526 428 in
551 379 938 437 tribulationibus,
958 395 1136 443 semper
1153 380 1317 428 muniti
1335 397 1459 428 arma
1483 381 1676 429 iustitiae
1699 382 1862 430 aduer-

239 474 316 504 sus
338 456 543 503 hostium
581 455 793 512 insultus,
826 471 875 502 ac
906 471 1083 518 semper
1110 465 1364 502 constantes
1393 456 1438 502 in
1469 454 1654 502 infamia
1677 466 1722 503 et
1745 456 1865 503 bona

241 529 379 578 fama.
407 531 732 594 Digneturque
757 529 828 576 isti
853 528 976 575 bono
1004 528 1128 575 Patri
1153 529 1316 576 mentis
1339 530 1494 577 oculos
1518 530 1786 588 illuminare,
1813 542 1865 578 vt

240 606 479 653 veritatem
511 605 663 652 videat
693 615 738 651 et
769 615 1002 668 agnoscat,
1034 604 1262 668 cognitam
1295 604 1609 668 amplectatur,
1649 603 1865 652 defendat

240 697 288 727 ac
314 690 510 728 tueatur.
538 681 707 728 Amen.

307 753 549 815 Quantum
581 752 640 799 ad
671 768 739 798 res
769 752 1037 799 domesticas
1067 753 1247 810 attinet,
1273 769 1435 816 parum
1462 764 1529 800 est
1552 753 1679 817 quod
1703 753 1867 800 scriba-

240 838 327 874 tur.
358 828 575 889 Quatuor
604 836 786 873 tantum
814 826 886 873 hic
915 843 1094 885 sumus,
1126 827 1309 885 scilicet,
1340 827 1474 874 Pater
1499 827 1661 874 doctor
1683 827 1866 874 Seuilla-

241 919 325 948 nus
348 901 375 958 ¹,
402 902 480 966 qui
507 901 748 964 praeterita
773 901 935 963 hyeme
958 902 1120 948 missus
1137 914 1204 948 est
1225 919 1250 948 a
1268 903 1456 949 doctore
1482 899 1718 965 Hispalim
1742 913 1787 948 et
1810 902 1866 949 ad

235 977 467 1023 ciuitatem
499 977 660 1033 Xeres,
689 986 737 1021 vt
761 975 948 1039 negocia
976 976 1121 1022 Patris
1150 976 1387 1035 Mendoca
1406 974 1422 1000 ²
1447 988 1724 1039 procuraret.
1751 977 1866 1022 Ter-

235 1051 324 1097 tius
356 1061 423 1097 est
460 1050 663 1111 Joannes
697 1049 919 1113 Baptista,
955 1050 1181 1097 toletanus
1201 1051 1215 1075 ³
1251 1052 1330 1114 (de
1363 1067 1457 1115 quo
1492 1050 1700 1097 meminit
1732 1051 1868 1098 Pater

235 1127 397 1173 doctor
421 1125 465 1172 in
489 1124 686 1189 quadam
714 1125 905 1188 epistola
929 1126 1049 1188 sua).
1077 1126 1283 1188 Quartus
1306 1143 1408 1172 sum
1428 1142 1529 1189 eg0‚
1549 1125 1765 1189 indignus
1788 1126 1867 1190 qui
1894 1134 1898 1136 ’

235 1200 367 1247 dictis
392 1215 670 1246 annumerer
695 1210 774 1245 aut
797 1199 1068 1247 cohabitem.
1101 1201 1279 1247 Paruus
1302 1211 1369 1247 est
1392 1217 1623 1247 numerus:
1646 1199 1758 1247 faxit
1781 1200 1866 1258 ille,

237 1275 282 1321 in
313 1275 442 1321 cuius
476 1273 660 1320 nomine
694 1273 764 1320 hic
806 1275 1070 1338 congregati
1111 1291 1290 1334 sumus,
1322 1286 1373 1322 vt
1404 1274 1450 1321 in
1480 1285 1605 1321 tanta
1643 1274 1868 1338 paucitate

237 1364 537 1412 personarum
575 1347 778 1394 abundet
811 1348 1060 1395 multitudo
1091 1348 1346 1407 virtutum;
1379 1348 1480 1395 licet
1509 1365 1614 1395 vere
1645 1349 1869 1396 affirmare

237 1423 403 1487 possim
439 1422 628 1468 Patrem
661 1423 897 1469 doctorem
930 1439 1035 1469 cum
1069 1423 1253 1470 caeteris
1284 1423 1500 1470 fratribus
1541 1424 1652 1470 meis
1691 1425 1736 1471 in
1776 1425 1870 1471 dies

238 1497 382 1561 magis
406 1513 459 1543 ac
486 1496 636 1560 magis
660 1495 894 1559 proficere,
920 1497 1267 1561 progredientes
1291 1498 1350 1544 de
1371 1498 1539 1545 virtute
1563 1498 1607 1544 in
1636 1499 1867 1547 virtutem.

238 1572 301 1619 Et
335 1583 386 1618 vt
419 1581 622 1618 caeteros
662 1587 782 1616 nunc
824 1570 1000 1617 silentio
1037 1583 1366 1634 pertranseam,
1404 1588 1595 1636 magnae
1635 1573 1765 1619 nobis
1801 1585 1868 1619 est

236 1645 532 1692 edificationis
561 1644 714 1690 'Pater
755 1645 938 1702 doctor,
980 1645 1057 1708 qui
1100 1662 1191 1691 non
1229 1645 1323 1692 sine
1365 1647 1563 1692 maxima
1602 1645 1867 1694 confusione

238 1730 392 1766 nostra
417 1720 475 1766 ad
503 1718 743 1765 humilima
769 1735 976 1782 quaeque
998 1736 1043 1765 se
1074 1719 1295 1778 demittit,
1327 1737 1447 1767 nunc
1479 1721 1522 1767 in
1554 1720 1703 1767 culina
1732 1738 1865 1785 pran-

237 1795 366 1841 dium
411 1810 575 1858 parans
616 1803 695 1839 aut
734 1809 891 1839 cenam
924 1804 968 1839 et
999 1793 1146 1840 discos
1184 1793 1382 1852 lauans,
1409 1812 1528 1841 nunc
1572 1812 1756 1842 verrens
1790 1807 1868 1842 aut

238 1869 378 1915 lectos
403 1878 626 1926 sternens,
648 1883 982 1930 nonnunquam
1001 1868 1136 1913 etiarn
1158 1868 1287 1915 nobis
1307 1869 1580 1917 ministrans,
1600 1869 1869 1917 Benedictus

244 1943 491 2002 Dominus,
513 1942 591 2007 qui
611 1959 765 1988 seruos
789 1952 835 1988 et
853 1942 1017 1989 electos
1034 1960 1139 1989 suos
1154 1941 1261 1989 facit
1283 1943 1446 2008 eligere
1470 1943 1685 2007 ignobilia
1708 1944 1869 1992 mundi

240 2028 286 2065 et
319 2016 707 2081 contemptibilia,
741 2027 791 2063 vt
820 2016 1061 2063 hominum
1092 2017 1351 2082 superbiam
1383 2016 1658 2076 confundat,
1687 2029 1733 2065 et
1771 2019 1868 2082 glo-

239 2093 355 2139 riam
384 2091 669 2138 mundanam
694 2091 909 2138 destruat.
946 2092 1103 2155 Ipsum
1129 2109 1227 2150 oro,
1252 2109 1300 2138 ac
1324 2092 1516 2156 supplex
1539 2093 1774 2157 deprecor,
1798 2105 1872 2151 vt,

241 2167 410 2231 spretis
434 2165 652 2213 omnibus
676 2165 821 2212 carnis
840 2165 1020 2225 deliciis,
1036 2178 1081 2213 et
1104 2167 1374 2214 conculcatis
1400 2167 1536 2214 huius
1559 2168 1720 2215 mundi
1747 2168 1869 2214 vani-

243 2241 437 2300 tatibus,
466 2257 550 2287 nos
595 2239 727 2286 faciat
770 2257 903 2287 veros
947 2241 1014 2287 sui
1061 2241 1322 2290 imitatores.
1361 2243 1532 2289 Amen.
1576 2242 1869 2290 Salmanticae

246 2321 339 2377 27.⁸
383 2315 496 2376 Julii
529 2314 631 2361 anni
673 2317 804 2376 1548.
840 2315 1063 2379 Indignus
1093 2315 1211 2362 filius
1244 2316 1288 2362 in
1321 2316 1527 2374 Christo,
1552 2333 1610 2364 ex
1652 2317 1869 2364 mandato

243 2390 388 2437 Patris
413 2389 627 2446 doctoris,

793 2464 825 2523 -ξ-
863 2463 1262 2511 MAXIMILIANUS
1297 2482 1327 2511 A
1362 2465 1604 2513 CAPELLA.
1642 2466 1674 2526 -l-

295 2601 307 2627 ¹
365 2604 405 2640 P.
426 2603 560 2640 Petrus
581 2601 787 2639 Sevillano.

297 2663 313 2688 2
368 2666 592 2702 Vocabatur
610 2665 648 2702 P.
671 2664 968 2711 christophorus
989 2666 1035 2702 de
1056 2666 1256 2704 Mendoza.

297 2725 311 2750 ³
367 2728 540 2764 Joannes
560 2728 643 2764 Bta.
666 2726 852 2764 SancheZ.
874 2728 929 2764 De
951 2738 996 2765 eo
1018 2729 1096 2775 agit
1122 2729 1161 2766 P.
1183 2730 1321 2766 Torres
1345 2730 1383 2766 in
1410 2729 1567 2776 litteris,
1588 2740 1684 2777 quas
1705 2729 1868 2766 afferunt

243 2786 383 2840 Epist.
405 2787 587 2837 Martae,
610 2793 635 2826 t.
657 2797 683 2833 1,
703 2799 788 2836 pag.
812 2800 999 2838 490-494,
1021 2791 1122 2827 datis
1143 2803 1161 2827 2
1170 2799 1189 2840 5
1212 2791 1356 2838 Apri¹is
1379 2791 1490 2840 1548.
