2014 3528
772 282 814 328 13
845 282 945 324 Jom
979 272 1078 328 1556
1602 285 1673 327 371

115 399 201 435 ron
225 383 250 430 a
274 382 436 430 ciertos
458 381 651 445 clerigos
676 399 729 428 en
757 399 817 428 vn
844 384 1023 442 meson,
1056 382 1120 429 los
1153 382 1307 447 quales
1338 382 1493 429 tenian
1526 393 1600 429 tan
1628 383 1735 428 ruin

115 458 303 523 opinion
336 475 361 520 y
387 457 609 504 deuocion
643 458 668 504 a
701 457 739 502 la
772 457 1051 520 Compafiia,
1083 474 1172 521 que
1205 457 1242 503 al
1269 457 1416 504 Padre
1448 457 1486 504 le
1512 459 1736 504 comenzo

118 550 208 579 vno
233 531 393 588 dellos,
419 531 613 594 despues
637 532 694 576 de
717 542 843 577 otros
862 531 1028 595 juegos
1055 548 1082 594 y
1111 530 1274 587 vurlas,
1301 534 1327 577 a
1350 531 1519 578 dezirle
1545 532 1738 578 muchos

118 607 255 653 males
279 606 335 652 de
359 605 400 650 la
424 604 694 668 Compafiia.
724 605 781 652 El
806 605 954 652 Padre
978 605 1038 651 les
1062 605 1336 668 desengafio,
1362 623 1391 668 y
1419 606 1462 652 lo
1486 606 1674 669 dispuso
1699 606 1737 652 el

117 681 258 727 Sefior
282 681 338 727 de
362 679 422 726 tal
446 691 618 736 suerte,
646 696 735 743 que
759 680 910 743 qued6
937 679 1038 725 bien
1072 678 1312 726 satisfecho
1337 697 1365 742 y
1390 697 1475 726 con
1501 680 1739 744 proposito

118 756 175 802 de
200 766 342 801 tratar
366 754 422 800 de
446 771 501 816 ay
525 754 730 800 adelante
754 759 812 800 en'
836 754 874 799 la
900 754 1174 817 Compafiia.

183 829 276 875 Los
299 829 474 875 studios
498 828 722 891 proceden
752 828 919 892 (gloria
943 831 968 875 a
996 828 1136 890 Dios)
1163 845 1247 874 con
1273 827 1483 874 euidente
1508 826 1648 884 fruto,
1674 828 1739 873 asi

119 905 175 951 de
200 905 332 950 letras
354 920 489 950 como
514 903 571 949 de
597 902 814 950 vix-tudes.
835 902 996 948 Todos
1021 903 1085 948 los
1113 902 1282 948 Padres
1302 919 1329 964 y
1350 902 1591 947 hermanos
1616 904 1739 948 estan

119 995 204 1026 con
240 978 391 1036 salud,
416 994 598 1040 aunque
629 976 820 1039 algunos
843 977 933 1022 han
957 976 1113 1022 estado
1138 974 1383 1023 enfermos.
1413 976 1468 1022 El
1495 977 1636 1022 Sefior
1661 992 1744 1021 nos

120 1070 226 1099 sane
251 1054 276 1098 a
300 1051 434 1098 todos
466 1067 573 1114 para
603 1067 691 1114 que
723 1049 1076 1113 perfectamente
1107 1050 1393 1113 cumplamos
1425 1067 1478 1095 su
1504 1050 1743 1096 voluntad.

126 1127 200 1174 En
232 1126 294 1172 las
328 1126 560 1172 oraciones
591 1142 619 1187 y
649 1124 888 1171 sacrificios
918 1125 974 1171 de
1008 1125 1066 1170 V.
1104 1124 1164 1171 R.
1202 1141 1231 1186 y
1262 1124 1319 1170 de
1354 1124 1419 1170 los
1453 1135 1658 1170 nuestros
1691 1141 1745 1169 en

123 1202 309 1248 Christo
336 1199 625 1247 charissimos
651 1216 733 1245 nos
762 1199 1156 1245 encomendamos.
1196 1199 1270 1244 De
1300 1198 1517 1245 Cordoba
1548 1201 1573 1245 a
1607 1213 1669 1259 30
1693 1199 1750 1244 de

123 1277 266 1338 Junio
301 1276 357 1322 de
400 1275 534 1337 1556.
576 1275 648 1320 De
687 1274 746 1321 V.
790 1274 850 1322 R.
886 1274 1035 1320 sieruo
1070 1273 1260 1337 indigno
1296 1291 1351 1319 en
1388 1273 1425 1320 el
1466 1275 1619 1320 Sefior.
1658 1273 1751 1319 Por

125 1351 416 1399 commission
442 1350 512 1397 del
542 1350 594 1397 P.
621 1350 810 1419 (galate,

1296 1423 1457 1470 LEwA
1480 1423 1507 1470 ¹.

194 1535 445 1597 Inscriptio:
477 1514 602 1580 1HS.
632 1532 691 1579 Al
722 1549 830 1595 muy
858 1532 978 1579 Rdo.
1015 1532 1163 1579 Padre
1189 1546 1374 1580 nuestro
1404 1551 1459 1579 en
1484 1533 1683 1590 Christo,
1715 1532 1754 1578 el

133 1610 184 1655 P.
215 1607 308 1655 M.⁰
333 1607 541 1672 anacio
565 1607 622 1653 de
648 1606 848 1669 Loyola,
874 1606 1105 1669 preposito
1136 1607 1315 1670 general
1349 1607 1407 1653 de
1434 1607 1473 1653 la
1497 1606 1756 1670 Compafiia

129 1684 186 1731 de
207 1683 366 1743 Jesfis‚
390 1694 493 1741 etc„
517 1699 571 1728 en
600 1682 766 1728 Roma.

875 1857 902 1890 1
913 1858 938 1890 1
947 1857 1015 1891 54

676 1953 963 1991 FLORIANUS
994 1954 1211 1991 SYLVIUS

450 2050 662 2098 PATRI
700 2050 992 2097 IGNATIO
1030 2051 1125 2098 DE
1162 2052 1443 2098 LOYOLA

617 2158 773 2185 PRAGA
817 2159 867 2196 13
907 2157 1033 2192 JUL11
1081 2147 1199 2197 1556
1238 2145 1269 2186 ².

396 2247 436 2284 P.
457 2247 591 2283 Petrus
611 2246 789 2283 Canisius
810 2246 1058 2292 amplissimis
1080 2246 1257 2282 laudibus
1279 2247 1505 2283 cumulatur.

763 2362 864 2422 Jhs.
904 2360 943 2424 †
980 2361 1134 2407 Maria

204 2461 475 2509 Benedictus
516 2462 645 2508 Deus
684 2473 728 2508 et
759 2463 894 2508 Pater
930 2462 1103 2508 domini
1137 2463 1276 2508 nostri
1316 2462 1426 2522 Jesu
1459 2462 1645 2519 Christi,
1689 2463 1765 2526 qui

140 2537 372 2583 benedixit
405 2553 487 2582 nos
518 2536 562 2582 in
593 2537 719 2583 omni
753 2537 1065 2583 benedictione
1094 2537 1314 2600 spirituali
1349 2538 1393 2582 in
1424 2537 1691 2583 coelestibus
1722 2537 1764 2582 in

139 2611 323 2658 Christo
344 2610 374 2658 ³.
406 2611 572 2657 Amen.
607 2611 666 2658 R.
693 2611 742 2657 P.
777 2611 941 2674 Ignati.
974 2611 1097 2656 Mihi
1129 2611 1185 2657 ab
1215 2622 1366 2657 sancta
1390 2610 1648 2657 obedientia
1679 2611 1764 2656 iam

140 2686 316 2749 pridem
348 2685 614 2748 impositum
648 2695 715 2731 est
739 2685 825 2731 hoc
849 2702 978 2742 onus,
1005 2680 1057 2731 ut
1082 2685 1272 2748 paucula
1297 2686 1518 2749 quaedam
1545 2686 1601 2731 de
1636 2686 1768 2732 Patre

143 2771 296 2805 nostro
326 2759 463 2805 Petro
494 2759 677 2805 Canisio
703 2759 760 2805 V.
796 2759 853 2805 R.
890 2759 933 2805 in
962 2759 1164 2805 medium
1190 2757 1408 2815 adferem‚
1442 2776 1535 2822 quo
1559 2771 1691 2822 pacto
1724 2760 1767 2804 in

197 2904 209 2928 ¹
269 2905 380 2952 Quod
402 2916 542 2941 nomen
563 2906 687 2942 sodali
708 2910 838 2942 nostro
860 2906 977 2942 Leiva
999 2907 1159 2942 inditum
1180 2906 1304 2953 fuerit,
1325 2918 1395 2943 nos
1413 2908 1564 2954 quidem
1586 2907 1692 2953 fugit.
1716 2908 1770 2943 De

144 2979 190 3004 eo
211 2968 442 3004 mentionem
464 2967 610 3003 faciunt
630 2965 766 3018 Epist.
789 2965 969 3015 Mixtae,
992 2973 1017 3005 t.
1039 2977 1097 3015 lv,
1119 2980 1205 3015 pag.
1229 2970 1317 3016 633.

198 3029 213 3052 2
269 3029 325 3066 Ex
346 3031 584 3076 autographo
615 3031 653 3066 in
682 3032 756 3067 vol.
788 3028 888 3068 Litt.
924 3028 1150 3079 Quadrim.
1181 3029 1310 3082 1556,
1339 3033 1452 3068 unico
1482 3032 1585 3078 folio,
1615 3043 1649 3068 n.
1687 3039 1773 3084 173,

147 3093 251 3140 prius
274 3104 362 3131 220.

202 3153 216 3179 3
272 3155 335 3192 AD
356 3156 518 3204 EPHES„
539 3165 564 3204 1,
586 3167 621 3204 3.
