2014 3528
746 321 795 362 23
825 321 998 350 AUGUSTI
1032 308 1131 362 1556
1621 320 1699 359 417

125 415 244 463 dirlo
277 416 350 463 alli
381 416 522 463 nostri
561 417 824 480 compagni,
864 433 944 481 per
985 433 1077 463 non
1114 415 1334 480 portargli
1377 432 1512 474 noue,
1553 414 1592 462 le
1633 416 1754 479 quali

133 491 378 553 (etiamche
402 490 432 536 l'
450 490 626 537 huomo
645 491 679 537 si
704 502 894 538 remetta
918 490 1003 538 alla
1027 491 1219 538 uolunta
1243 490 1300 538 de
1325 490 1442 552 Dio)
1470 506 1561 536 non
1586 489 1619 536 si
1648 506 1754 553 pos-

127 581 241 612 sono
282 565 449 612 sentire
487 582 624 612 senza
663 564 943 613 turbatione:
987 564 1176 612 fossimo
1221 565 1367 611 donea
1412 565 1520 611 tutti
1560 564 1605 611 in
1649 581 1757 610 uero

127 639 272 686 molto
295 639 494 696 dissolatj
519 657 600 704 per
624 640 663 686 le
687 640 864 686 miserie
893 651 938 687 et
968 638 1294 703 imperfettioni
1330 651 1494 686 nostre.
1520 639 1758 703 Appresso

128 714 236 778 puoi
278 714 361 761 fuo
403 715 564 779 gionto
597 732 622 761 a
653 726 812 779 questa
842 715 1146 774 dissolatione,
1186 714 1269 761 che
1301 715 1483 761 nissuna
1511 713 1759 778 poterebbe

129 804 272 834 essere
298 789 549 853 maggiore,
574 789 709 853 quell'
730 789 842 836 altra
865 789 1081 847 secunda,
1107 788 1223 835 nella
1255 788 1404 853 qualle
1429 788 1486 834 V.
1518 788 1579 836 R.
1606 804 1680 834 me
1702 787 1759 833 si-

129 862 292 925 gnifica
313 863 382 926 (et
405 863 449 909 io
467 863 627 925 credo)
653 879 796 909 essere
820 863 864 910 io
887 862 1004 910 delle
1024 874 1126 909 nate
1144 862 1485 926 persequutioni
1509 861 1759 925 colpeuole,

128 937 167 983 si
195 937 266 984 nel
291 937 553 1002 principale,
576 938 615 984 si
641 955 753 984 anco
779 937 850 984 nel
879 949 1199 1002 consequente.
1233 937 1374 984 Certo
1405 937 1451 983 in
1475 947 1636 1001 questo
1668 953 1759 982 non

129 1028 266 1075 posso
290 1029 382 1059 non
414 1013 559 1060 molto
596 1013 917 1070 contristarmi,
949 1013 1143 1077 puoiche
1174 1029 1255 1076 per
1286 1011 1316 1058 li
1351 1012 1436 1058 mei
1471 1011 1647 1059 deffetti
1679 1028 1760 1057 na-

129 1102 269 1132 scono
307 1087 417 1133 tanti
454 1087 772 1151 impedimenti
805 1087 920 1134 nella
949 1087 1091 1134 salute
1123 1086 1226 1134 dell’
1259 1086 1407 1133 anime
1430 1097 1475 1132 et
1506 1085 1576 1132 nel
1602 1085 1761 1132 diuino

130 1160 316 1207 seruitio
341 1172 386 1209 et
418 1161 489 1208 nel
520 1178 762 1226 progresso
793 1161 910 1208 della
934 1161 1245 1225 Compagnia;
1278 1171 1323 1207 et
1354 1160 1389 1206 si
1422 1176 1515 1207 non
1548 1159 1609 1206 mi
1643 1158 1761 1205 fosse

130 1247 343 1299 reputato
368 1236 412 1283 in
438 1236 664 1300 superbia,
688 1235 875 1284 direbbe
907 1236 1183 1284 uoluntiere:
1215 1235 1259 1281 Si
1290 1245 1477 1299 propter
1510 1251 1582 1288 me
1606 1245 1763 1281 exorta

132 1322 199 1357 est
228 1311 336 1357 haec
366 1311 869 1376 tempestas,·proiicite
899 1327 972 1358 me
1006 1311 1052 1357 in
1086 1327 1214 1357 mare
1233 1309 1261 1357 ¹.
1290 1309 1377 1356 Ma
1408 1309 1570 1373 poiche
1602 1321 1763 1373 questo

132 1402 222 1431 non
248 1402 382 1448 posso
405 1385 502 1432 dire
533 1402 671 1432 senza
700 1385 728 1430 l'
749 1385 963 1432 interiore
993 1385 1225 1449 superbia,
1258 1385 1338 1448 piu
1368 1384 1439 1431 ch‘
1460 1385 1569 1448 ogni
1602 1383 1762 1430 ueleno

131 1457 356 1522 pestifera,
382 1459 439 1505 ne
464 1476 652 1523 pensare
673 1476 812 1506 senza
838 1459 1032 1506 mentale
1049 1460 1300 1524 sacrilegio,
1325 1459 1354 1506 il
1371 1469 1493 1506 tutto
1518 1460 1763 1505 remettero

131 1533 215 1580 alla
244 1533 432 1580 vntione
461 1545 506 1580 et
535 1534 696 1581 ordine
732 1534 848 1582 della
877 1545 1005 1581 santa
1036 1534 1308 1582 obedientia.
1340 1533 1470 1580 Uero
1504 1533 1528 1579 ἐ
1560 1533 1644 1580 che
1676 1549 1763 1579 con

131 1619 293 1671 questo
318 1624 483 1672 negare
510 1625 606 1655 non*
634 1625 785 1672 posso‚
815 1609 898 1656 che
928 1627 1021 1656 non
1053 1609 1116 1656 sia
1147 1609 1291 1656 molto
1319 1609 1524 1673 obligato
1550 1626 1575 1654 a
1600 1608 1660 1655 V.
1686 1607 1763 1663 R.,

133 1681 458 1729 mandandomi
481 1682 621 1745 (oltra
640 1681 669 1729 li
688 1683 877 1746 passati)
900 1684 1046 1749 questi
1071 1684 1185 1730 santi
1205 1683 1390 1741 ricordi‘3
1415 1695 1460 1729 et
1483 1700 1509 1729 a
1532 1681 1648 1729 farlo
1667 1682 1762 1728 cosi

131 1756 178 1803 di
203 1773 293 1820 qua
318 1757 474 1814 inansi,
500 1768 627 1804 tanto
652 1757 733 1821 piu
758 1758 800 1804 la
824 1760 1033 1822 pregaro,
1058 1768 1230 1822 quanto
1255 1759 1334 1821 piu
1360 1757 1479 1804 uedo
1501 1774 1591 1803 non
1613 1767 1765 1819 poter-

135 1832 174 1878 la
194 1831 209 1856 ²
234 1832 517 1879 dissimulare
541 1832 568 1879 l'
588 1849 743 1880 amore
766 1834 848 1880 che
872 1834 917 1880 in
943 1834 1026 1880 X.⁰
1050 1835 1113 1880 mi
1138 1844 1290 1897 porta;
1315 1832 1459 1880 molto
1484 1834 1594 1896 pero
1619 1831 1698 1895 piu
1726 1831 1765 1877 la

134 1906 414 1971 pregarebbe
449 1923 496 1954 se
526 1907 746 1971 degnasse
776 1924 966 1972 pregare
996 1907 1024 1954 il
1057 1907 1213 1971 signor
1245 1907 1354 1964 Dio,
1393 1907 1456 1953 mi
1486 1905 1625 1952 faccia
1662 1905 1762 1961 tale,

133 1983 264 2047 quale
289 1982 347 2031 V.
375 1983 436 2031 R.
462 1983 682 2040 desidera,
707 1994 752 2030 et
775 1983 818 2030 io
841 1983 1003 2030 uorrei.
1036 1983 1227 2045 Quanto
1251 1999 1276 2028 a
1298 1981 1435 2046 quelli
1460 1993 1527 2028 tre
1547 1980 1561 2004 ³
1585 1980 1667 2027 che
1691 1979 1763 2027 all’

134 2057 246 2103 hora
268 2057 554 2105 scriueuamo
582 2057 653 2104 ch'
674 2058 888 2104 hauiamo
913 2059 1129 2105 mandato
1153 2074 1178 2104 a
1208 2057 1398 2115 Loreto,
1421 2068 1466 2103 et
1490 2056 1547 2103 ad
1570 2055 1669 2102 altri
1696 2067 1763 2101 tre

132 2132 215 2178 che
237 2133 295 2179 de
321 2133 358 2179 F
361 2131 548 2180 abriano
566 2131 812 2179 habbiamo
832 2133 1049 2180 mandato
1071 2133 1230 2196 doppo
1247 2131 1399 2196 quelli,
1418 2142 1464 2178 et
1481 2131 1538 2178 ad
1557 2130 1656 2177 altri
1680 2129 1762 2175 che

135 2222 250 2252 sono
274 2207 319 2253 in
344 2207 574 2270 precincto
597 2207 656 2254 da
679 2207 909 2264 mandare,
935 2224 959 2253 a
982 2224 1057 2253 me
1081 2206 1143 2253 mi
1168 2223 1274 2270 pare
1297 2206 1380 2253 che
1404 2204 1546 2252 faccio
1564 2204 1762 2251 secondo

134 2280 160 2326 Γ
181 2281 344 2329 ordine
368 2282 430 2328 mi
457 2282 514 2328 ha
536 2282 668 2328 datto
692 2282 722 2328 il
748 2282 896 2329 Padre
919 2293 1088 2328 rettore
1106 2281 1153 2329 di
1178 2281 1371 2338 Loreto;
1395 2291 1440 2327 et
1458 2279 1644 2344 quando
1669 2295 1760 2324 non

133 2352 264 2411 fosse,
289 2355 439 2401 uorrei
463 2354 733 2414 intenderlo,
753 2372 834 2419 per
850 2371 1006 2418 sapere
1029 2372 1158 2402 come
1180 2354 1346 2402 debbia
1369 2352 1476 2401 fare.
1504 2352 1638 2400 Della
1661 2369 1759 2416 pre·

133 2428 233 2476 dica
255 2428 312 2475 de
338 2428 582 2475 Camerino
606 2429 646 2475 la
663 2429 954 2495 quaressima,
980 2446 1069 2476 vna
1093 2440 1244 2476 mente
1264 2446 1336 2477 me
1355 2429 1438 2475 tira
1462 2446 1486 2474 a
1510 2427 1661 2492 quello
1678 2425 1760 2472 che

134 2503 232 2549 dice
255 2502 314 2551 V.
349 2503 425 2560 R.,
460 2501 488 2549 l'
508 2503 620 2550 altra
650 2504 711 2550 mi
741 2520 909 2567 sprona
938 2503 1022 2550 alla
1050 2503 1354 2568 despositione
1377 2503 1460 2550 che
1499 2504 1532 2549 si
1565 2501 1680 2548 uede
1704 2501 1760 2547 de

135 2576 279 2623 molto
304 2575 470 2635 frutto,
490 2589 535 2624 et
559 2594 672 2624 anco
692 2578 832 2642 hoggi
853 2595 925 2624 me
951 2595 1005 2624 ne
1024 2578 1210 2641 parlaua
1224 2578 1253 2625 il
1274 2595 1468 2625 vescouo
1490 2576 1518 2633 ¹¹,
1542 2593 1629 2623 con
1646 2575 1761 2622 desi-

134 2650 260 2698 derio
291 2663 336 2698 et
364 2668 585 2715 speranza
610 2653 692 2699 che
724 2670 770 2699 se
803 2653 1002 2700 darebbe
1030 2654 1145 2700 costi
1175 2653 1335 2701 ordine
1371 2653 1428 2700 ad
1461 2669 1523 2699 vn
1546 2651 1759 2714 collegio:

134 2725 207 2773 del
231 2737 368 2783 tutto,
392 2727 592 2774 secundo
610 2727 913 2774 determinare
931 2727 972 2774 la
988 2739 1115 2775 santa
1131 2727 1402 2784 obedientia,
1422 2743 1598 2774 seremo
1618 2725 1762 2772 molto

191 2933 204 2959 ¹
258 2934 347 2974 JON.
369 2944 394 2983 1,
419 2948 479 2974 12.

187 2995 204 3021 ²
258 2998 333 3036 Ms.
348 2996 631 3048 prometerla.

190 3058 206 3082 ³
261 3060 379 3097 Erant
399 3062 437 3097 hi
459 3061 667 3099 societatis
687 3061 896 3108 candidati,
928 3062 1179 3099 concionibus
1207 3067 1244 3100 et
1268 3064 1444 3109 exemplo
1470 3063 1594 3100 Patris
1621 3062 1761 3099 Gomes

137 3123 275 3160 allecti.

191 3183 205 3207 4
260 3186 456 3223 Laudatus
476 3187 665 3224 Berardus
686 3187 969 3235 Bongiovanni.
990 3189 1090 3225 Vide
1110 3189 1311 3234 epistolam
1331 3193 1567 3236 sequentem.

260 3267 436 3298 Eun-ou:
460 3269 612 3307 ΜικτΑι,
635 3278 718 3301 τοΜ.
744 3280 772 3301 v.
1599 3278 1638 3306 27
