2008 3510
777 269 793 295 1
826 257 1040 297 Ocromus
1072 268 1175 309 1550
1659 268 1736 307 707

157 363 335 410 ratione
359 362 404 409 in
429 362 563 408 uinea
599 362 790 408 Domini
823 362 1046 420 laborare,
1071 373 1118 410 et
1148 361 1385 408 audiendis
1413 359 1788 420 confessionibus,

156 436 638 500 subministrandoque
662 437 955 484 eucharistiae
978 448 1258 484 sacramento
1277 454 1322 483 se
1348 437 1558 500 gnauiter
1582 454 1791 484 exercere

156 522 201 558 et
223 511 413 575 operari,
439 523 578 574 prout
603 512 834 558 Dominus
864 512 1013 559 dabat.
1042 513 1138 575 Qui
1169 524 1320 558 tamen
1356 528 1440 575 pro
1477 529 1557 557 sua
1588 511 1792 559 bonitate

155 588 471 634 confitentium
497 604 743 634 numerum
774 588 817 633 in
843 588 936 634 dies
968 589 1111 652 magis
1146 588 1379 651 magisque
1411 588 1612 646 adauxit,
1648 588 1708 633 ita
1741 599 1793 634 ut

157 674 256 708 tum
281 679 389 719 xxx,
414 673 514 708 tum
540 678 684 718 xxxx,
709 662 954 725 aliquando
980 679 1021 719 L,
1045 662 1207 708 diebus
1230 662 1364 707 etiam
1387 661 1648 707 solennibus
1665 678 1791 708 Lxxx

158 736 365 782 homines
382 736 727 794 confiterentur;
747 737 791 782 in
808 736 974 800 quibus
991 737 1256 800 complures
1268 736 1534 794 extiterunt,
1553 736 1631 799 qui
1653 736 1793 782 totius

158 822 386 857 anteactae
405 811 524 857 uitae
546 822 724 873 peccata
748 809 941 856 confessi
962 809 1143 857 fuerint.
1166 811 1309 872 Quod
1330 826 1436 855 sane
1458 826 1548 855 non
1569 810 1792 873 exiguum

158 883 348 931 fortasse
375 884 626 942 uidebitur,
650 884 683 930 si
710 884 765 930 ab
798 902 892 931 uno
924 885 1248 932 tantummodo
1280 884 1391 948 Xpi.
1425 885 1633 947 operario
1664 901 1793 948 prae-

160 959 321 1006 stitum
345 959 591 1023 cogitetur.

225 1033 355 1080 Idem
387 1034 438 1080 P.
465 1034 515 1079 N
517 1033 686 1080 icolaus
710 1033 980 1091 Gaudanus,
1006 1034 1041 1080 si
1065 1034 1251 1097 quando
1276 1032 1432 1079 messis
1456 1033 1500 1078 in
1519 1032 1700 1079 ecclesia
1717 1033 1795 1080 de-

159 1120 268 1165 erat,
288 1119 586 1155 consueuerat
606 1108 779 1171 aliquos
799 1125 966 1171 egenos
984 1119 1029 1154 et
1047 1119 1256 1171 aegrotos
1275 1108 1480 1164 inuisere,
1502 1124 1668 1171 eosque
1687 1125 1795 1154 con-

160 1182 338 1229 fitentes
376 1194 558 1245 peccata
595 1199 675 1228 sua
716 1183 886 1239 audire,
927 1194 972 1228 et
1013 1196 1268 1228 moerentes
1301 1181 1522 1228 consolari
1565 1193 1700 1246 atque
1734 1183 1794 1229 ad

161 1257 427 1320 patientiam
468 1257 766 1303 exercendam
805 1257 1048 1305 adhortari.
1077 1258 1414 1304 Conterraneos
1451 1273 1635 1320 quoque
1672 1274 1794 1316 suos,

162 1348 363 1395 quorum
398 1332 626 1378 maximus
659 1342 725 1377 est
759 1331 803 1377 in
839 1332 921 1378 hac
954 1331 1065 1378 urbe
1100 1349 1336 1389 numerus,
1371 1333 1634 1389 conuenire,
1665 1343 1710 1378 et
1739 1332 1795 1378 ad

162 1405 491 1453 confessionem
510 1406 738 1469 pellicum,
758 1405 917 1452 solitus
936 1417 1048 1453 erat.
1072 1406 1183 1452 Post
1203 1423 1312 1452 uero
1331 1405 1470 1468 ipsius
1490 1406 1593 1451 hinc
1613 1406 1656 1451 in
1678 1405 1795 1452 Ger-

163 1481 360 1527 maniam
380 1481 641 1539 discessum,
671 1481 804 1527 Rdus
831 1481 884 1528 P.
907 1482 1130 1538 Andreas,
1151 1479 1429 1527 ferrariensis
1449 1480 1480 1539 ¹,
1508 1481 1612 1527 haec
1637 1482 1796 1528 eadem

163 1554 404 1618 diligenter
428 1567 739 1618 accurateque,
766 1555 850 1602 X.⁰
873 1555 1110 1618 aspirante,
1136 1555 1373 1618 praestitit.

163 1666 174 1668 <
228 1629 372 1691 Quod
396 1640 558 1690 autem·
573 1629 822 1676 domestica
844 1629 1078 1675 literarum
1103 1629 1252 1676 studia
1270 1640 1455 1692 spectat,
1475 1645 1579 1674 cum
1601 1628 1661 1675 ob
1680 1645 1797 1692 quo-

162 1704 374 1750 rumdam
390 1702 584 1750 fratrum
600 1704 835 1751 aduersam
852 1704 1176 1761 ualetudinem,
1193 1721 1308 1768 quae
1324 1714 1581 1750 ceterorum
1598 1703 1794 1761 firmam,

161 1790 430 1841 occupatam
451 1778 567 1825 circa
590 1795 747 1825 curam
772 1779 838 1825 sui
864 1779 1116 1836 detinebat,
1149 1791 1247 1825 tum
1275 1779 1410 1826 etiam
1446 1789 1633 1842 propter
1661 1796 1795 1825 occu-

163 1853 367 1914 pationes
397 1864 442 1899 et
466 1854 758 1900 incommoda
782 1854 916 1899 huius
942 1854 1048 1900 noui
1075 1854 1267 1918 collegii,
1298 1854 1516 1900 hactenus
1546 1866 1795 1918 utrumque

162 1943 268 1972 cum
293 1927 344 1973 iis
374 1938 526 1973 actum
560 1940 639 1974 est.
673 1927 793 1974 Illud
824 1938 977 1974 tamen
1010 1929 1164 1992 negari
1202 1946 1294 1975 non
1323 1940 1487 1992 potest,
1518 1928 1628 1992 quin
1661 1929 1794 1975 ualde

163 2000 430 2047 incaluerint
453 2018 615 2064 nuper,
639 2018 743 2048 cum
775 2014 820 2047 et
848 2003 1111 2049 domesticis
1139 2002 1594 2049 incommoditatibus
1625 2002 1794 2048 mederi

164 2076 313 2138 coepit
338 2075 488 2123 Rdus.
513 2077 653 2139 prior,
677 2089 722 2123 et
749 2077 898 2124 Rdus,
919 2076 971 2125 P.
991 2077 1155 2123 Caesar
1182 2077 1237 2123 H
1242 2077 1417 2134 elmius,
1439 2094 1528 2122 una
1551 2093 1657 2123 cum
1683 2094 1794 2141 qua-

165 2159 272 2195 tuor
303 2149 397 2196 aliis
427 2149 646 2196 fratribus
675 2150 1033 2197 adolescentibus
1065 2152 1153 2198 huc
1190 2152 1345 2198 Roma
1377 2169 1401 2197 a
1432 2152 1493 2199 T.
1527 2151 1597 2209 P.‚
1629 2163 1794 2214 rogatu

164 2224 365 2270 eiusdem
406 2225 582 2288 prioriS,
625 2225 801 2282 missus,
844 2225 1041 2272 aduenit.
1085 2226 1230 2272 Cuius
1268 2226 1462 2284 solertia,
1502 2242 1656 2288 opera,
1687 2243 1794 2271 cura

163 2297 486 2362 diligentiaque
511 2299 556 2344 in
580 2298 789 2346 docendo
814 2299 989 2345 animos
1009 2297 1220 2359 fratrum,
1244 2313 1289 2346 et
1312 2317 1428 2364 quos
1453 2300 1522 2346 hic
1547 2300 1730 2363 reperit,
1748 2311 1794 2346 et

163 2388 279 2435 quos
302 2389 453 2418 secum
479 2372 697 2434 proximis
720 2372 880 2419 diebus
905 2373 1096 2420 adduxit
1119 2373 1390 2432 incolumes,
1420 2374 1634 2420 excitauit
1657 2385 1792 2437 atque

164 2444 481 2493 inflammauit,
508 2446 642 2508 Quae
665 2447 851 2510 quidem
876 2464 944 2493 res
968 2447 1012 2492 in
1037 2464 1164 2511 spem
1191 2449 1345 2512 magni
1376 2447 1573 2506 fructus,
1606 2448 1792 2494 Christo

164 2519 372 2566 Domino
407 2520 606 2577 iuuante,
636 2537 719 2566 nos
749 2533 898 2579 uocat,
938 2522 1155 2568 maiorem
1187 2523 1323 2569 etiam
1364 2534 1498 2586 atque
1533 2522 1790 2569 uberiorem

166 2593 311 2638 multo
335 2591 545 2638 futurum
570 2593 842 2639 confidimus
867 2594 912 2640 in
936 2595 1259 2657 spiritualibus,
1293 2613 1397 2643 cum
1432 2596 1582 2644 Rdus,
1611 2597 1661 2642 P.
1688 2597 1792 2642 An-

163 2665 292 2712 dreas
326 2665 364 2711 F
367 2666 513 2712 rusius
546 2667 648 2730 (qui
678 2667 723 2713 in
756 2685 921 2732 magna
951 2682 1017 2715 est
1046 2671 1379 2734 expectatione)
1414 2671 1502 2716 huc
1532 2671 1794 2734 designatus

163 2752 436 2803 peruenerit.

230 2815 370 2860 Venit
392 2815 450 2861 ad
473 2831 555 2861 nos
578 2815 745 2862 nudius
769 2815 927 2862 tertius
950 2814 1070 2863 forte
1094 2818 1280 2882 quidam
1305 2819 1415 2865 ciuis
1439 2829 1643 2876 venetus,
1667 2818 1791 2866 ordi-

104 2891 106 2894 ’
165 2888 232 2935 nis
257 2889 334 2952 (ut
358 2888 496 2952 puto)
523 2889 748 2948 senatorii,
775 2891 855 2936 hac
879 2891 1038 2954 gratia,
1060 2902 1112 2938 ut
1135 2893 1266 2940 aedes
1292 2904 1466 2940 nostras
1486 2893 1664 2940 uiseret.
1693 2892 1791 2955 Qui

163 2979 270 3009 cum
294 2962 573 3026 perbenigne
596 2975 641 3009 et
664 2963 913 3011 honorifice
938 2963 1093 3012 fuisset
1116 2967 1414 3025 intromissus,
1441 2978 1677 3031 totamque
1701 2967 1788 3015 do-

218 3122 242 3163 1,
287 3124 326 3162 Ρ.
348 3125 525 3161 Andreas
546 3123 809 3161 Galvanellus.
