2014 3528
297 288 372 338 358
763 289 995 326 EPISTOLAE
1027 289 1355 340 M1xrAE-1147

246 394 480 440 Mariano:
509 394 551 439 io
578 411 665 439 non
692 393 854 440 dubito
878 395 959 440 che
985 395 1121 442 Iddio
1143 395 1168 441 l’
1190 395 1451 443 indrizzard
1481 396 1589 459 ogni
1625 395 1789 459 giorno
1821 394 1867 442 di

245 468 414 531 meglio
440 469 482 513 in
511 468 689 531 meglio.

310 542 363 587 Li
392 542 508 604 putti
530 542 766 605 imparano
794 543 831 588 la
860 542 1062 589 dottrina
1093 543 1334 589 christiana
1366 541 1792 600 felicissimamente‚
1824 554 1869 589 et

245 617 284 661 la
307 627 499 662 cantano
526 633 605 679 per
629 616 656 662 l'
677 617 841 673 strade,
869 634 958 662 non
983 634 1119 663 senza
1143 617 1451 663 consolatione
1475 617 1520 663 di
1545 615 1699 662 coloro
1724 616 1806 663 che
1839 616 1868 663 li

244 703 449 738 sentono.
482 691 623 738 Molti
649 692 693 738 di
720 692 815 737 loro
844 691 987 738 molto
1011 709 1158 738 sonno
1182 691 1274 737 dati
1300 691 1383 737 alla
1407 690 1690 738 confessione
1714 702 1759 737 et
1793 708 1869 737 co-

244 766 475 822 munione,
500 778 544 812 et
569 767 709 830 quasi,
730 767 774 813 di
801 766 937 830 quelli
961 767 1031 813 ch'
1052 766 1238 813 ariuano
1263 783 1287 812 a
1319 781 1374 825 14
1398 766 1550 812 annio
1583 779 1651 828 15,
1673 782 1869 812 nessuno

244 841 276 886 si
304 840 510 887 confessa
534 842 642 904 ogni
669 858 805 899 mese,
831 841 913 887 che
943 858 1033 887 non
1060 841 1092 887 si
1112 841 1368 887 comunichi
1396 841 1603 898 insieme3
1627 850 1673 886 et
1689 839 1807 886 oltra
1824 839 1869 886 di

245 915 337 972 cio,
363 916 471 979 ogni
498 914 611 961 festa
637 916 828 979 grande,
853 932 982 966 come
1013 914 1096 960 alla
1127 925 1407 978 pentecoste,
1432 931 1573 978 corpo
1598 914 1643 961 di
1670 913 1871 971 Christo,

246 991 516 1037 ascensione.
538 990 599 1036 Di
626 991 766 1037 modo
790 991 886 1047 che,
908 989 946 1036 si
971 1006 1101 1036 come
1125 990 1230 1037 dissi
1255 990 1300 1036 di
1320 1006 1468 1053 sopra,
1489 999 1608 1035 tutta
1631 988 1673 1035 la
1690 1005 1873 1052 speran-

246 1082 300 1110 za
334 1064 421 1110 mia
451 1064 496 1110 d'
525 1065 683 1110 aiutar'
716 1064 907 1122 Biuona,
941 1077 985 1110 et
1017 1062 1098 1109 far’
1129 1062 1276 1110 frutto
1307 1063 1352 1110 in
1386 1074 1544 1127 questa
1574 1074 1705 1119 terra,
1737 1062 1762 1108 ἐ
1794 1079 1874 1125 per

246 1154 412 1183 mezzo
437 1138 540 1184 delli
570 1138 711 1184 nostri
737 1138 941 1186 scholari.

311 1211 502 1273 Quanto
528 1211 597 1258 alli
625 1213 765 1258 nostri
793 1211 972 1269 fratelli,
1005 1228 1086 1274 per
1114 1211 1258 1275 gratia
1284 1211 1328 1257 d'
1351 1210 1490 1258 Iddio
1521 1210 1629 1257 tutti
1661 1211 1694 1256 si
1727 1227 1874 1257 sonno

246 1286 354 1331 assai
382 1285 484 1331 ben'
505 1286 711 1332 ritrouati
738 1297 898 1350 questo
924 1303 1059 1343 mese,
1086 1284 1218 1331 fuora
1242 1285 1287 1331 d’
1306 1284 1470 1343 alcuni,
1495 1284 1523 1330 li
1542 1284 1662 1349 quali
1685 1301 1764 1348 per
1781 1284 1873 1341 doi,

246 1377 273 1406 o
299 1371 380 1417 tre,
406 1377 433 1405 0
461 1360 487 1405 6
514 1360 660 1423 giorni
687 1361 867 1406 sonnosi
896 1361 972 1406 un'
993 1360 1142 1423 pocho
1167 1359 1334 1405 trouati
1355 1359 1459 1405 mal’
1480 1359 1682 1423 disposti.
1707 1359 1874 1405 Vanno

247 1434 396 1480 inanzi
420 1433 532 1480 nelle
557 1434 712 1480 lettere
737 1446 780 1480 et
804 1435 979 1498 spirito,
1004 1446 1049 1480 et
1073 1451 1206 1497 spero
1226 1434 1308 1480 che
1331 1434 1364 1479 si
1385 1434 1713 1497 diportaranno
1732 1433 1776 1479 di
1798 1432 1871 1478 tal’

250 1509 404 1566 mod0,
430 1510 512 1555 che
532 1509 590 1555 V.
622 1510 674 1557 P.
701 1526 746 1555 se
772 1526 826 1555 ne
851 1509 1074 1555 ritrouarzi
1099 1507 1347 1555 sodisfatta.

315 1583 452 1629 Altro
477 1600 558 1647 per
582 1584 737 1630 adesso
769 1601 857 1630 non
892 1584 1055 1641 scriuo,
1087 1601 1132 1629 se
1165 1601 1255 1629 non
1285 1582 1355 1629 ch'
1377 1582 1420 1628 io
1453 1599 1538 1628 con
1571 1582 1679 1628 tutti
1712 1582 1738 1628 li
1773 1582 1874 1628 miei

249 1655 410 1703 fratelli
447 1669 782 1703 summamente
817 1674 959 1721 prego
990 1658 1133 1703 siamo
1164 1656 1471 1706 recomandati
1503 1655 1574 1702 all’
1599 1656 1792 1702 orationi
1832 1667 1893 1702 et.

249 1732 361 1777 santi
382 1731 580 1797 sacrificij
609 1732 655 1778 di
682 1733 742 1779 V.
763 1732 831 1790 P.,
857 1732 980 1778 accio
1007 1732 1209 1795 potiamo
1235 1729 1436 1777 satisfare
1455 1730 1601 1776 insino
1622 1730 1660 1776 al
1681 1730 1769 1776 fine
1794 1729 1877 1775 alla

251 1806 488 1851 uocatione
531 1817 698 1862 nostra,
730 1806 1003 1852 caminando
1041 1806 1087 1852 in
1118 1805 1417 1869 abnegatione
1448 1804 1620 1867 proprii
1650 1803 1802 1851 iudicii
1833 1815 1877 1850 et

251 1880 461 1943 propriae
488 1880 750 1937 uoluntatis,
777 1880 902 1944 quod
929 1879 1057 1925 nobis
1084 1891 1309 1943 praestare
1333 1879 1563 1942 dignetur,
1589 1879 1667 1942 qui
1693 1878 1809 1924 uiuit
1833 1889 1878 1924 et

251 1967 412 2019 regnat
437 1955 481 2001 in
501 1955 676 2001 saecula
701 1954 985 2001 saeculorum
1011 1955 1286 2001 benedictus.
1311 1955 1479 2000 Amen.
1501 1953 1562 1999 Di
1584 1952 1760 1999 Biuona
1780 1952 1807 1998 il
1827 1952 1875 1998 di

259 2046 310 2091 13
353 2030 479 2089 Junii
526 2031 659 2092 1556.
705 2030 792 2075 Per
828 2030 1147 2076 commissione
1188 2029 1260 2075 del
1303 2041 1459 2075 nostro
1508 2028 1654 2075 Padre
1693 2037 1876 2074 rettore.

254 2105 316 2152 D.
345 2105 400 2151 V.
430 2105 488 2152 R.
517 2104 569 2152 P.
598 2104 788 2151 minimo
813 2121 944 2150 seruo
969 2115 1013 2150 et
1038 2103 1261 2167 figliuolo,

1125 2204 1400 2249 THoMAsso
1439 2203 1685 2249 ROMANO.

320 2325 571 2387 Inscriptio:
598 2326 630 2385 -1
667 2325 727 2370 A!
758 2323 900 2369 molto
926 2323 1051 2370 Rdo.
1081 2323 1125 2369 in
1150 2323 1336 2369 Christo
1360 2324 1522 2380 Padre,
1547 2322 1575 2368 il
1598 2323 1649 2369 P.
1677 2322 1772 2369 M.⁰
1804 2321 1879 2385 Ig-

256 2400 377 2445 natio
402 2401 457 2445 de
487 2400 678 2462 Loyola,
705 2398 936 2462 preposito
956 2398 1164 2461 generale
1189 2398 1304 2444 della
1330 2397 1619 2461 Compagnia
1646 2397 1704 2443 de
1726 2396 1879 2457 Jesfis,

256 2474 297 2519 in
331 2475 496 2522 Roma.
524 2475 631 2521 Alia
656 2490 797 2519 manu:
828 2473 922 2520 Rta.
950 2472 1018 2518 alli
1049 2475 1071 2518 8
1100 2472 1143 2518 di
1169 2471 1336 2535 Luglio
1363 2472 1407 2531 ἦ.
