2008 3510
803 256 853 295 27
881 243 1074 297 JANUARn
1106 255 1208 295 1557
1491 255 1494 258 ⁴
1693 244 1767 282 621

163 350 316 406 „domi
343 360 444 396 tum
468 349 514 395 in
541 348 762 412 hospitiis,
788 349 866 395 ubi
890 348 1109 396 foventur
1133 349 1318 412 aegroti,
1346 360 1446 395 tum
1479 349 1612 395 etiam
1649 349 1694 394 in
1725 366 1825 394 car-

187 441 307 480 cere,
343 423 421 469 ubi
453 422 662 485 spiritalis
696 422 843 469 multo
875 422 1019 486 magis
1049 422 1288 468 innotescit
1319 421 1568 485 profectus.
1602 421 1671 468 Ibi
1703 423 1824 469 enim

193 508 374 561 praetor
398 496 587 553 habitat,
614 496 708 560 qui,
727 513 831 542 cum
858 497 945 543 hoc
970 496 1190 559 intelligat
1212 508 1257 542 et
1280 497 1476 560 ingenue
1495 495 1706 554 fateatur,
1732 497 1826 543 imo

194 571 373 635 publica
391 587 502 617 voce
529 571 818 633 pronunciet,
852 571 957 618 inde
981 587 1074 616 non
1098 587 1293 634 parvum
1319 582 1497 617 nostros
1530 587 1824 634 progressum

192 645 346 693 fecisse
385 646 735 709 conjectandum
773 659 860 702 est;
901 646 1087 709 quando
1127 645 1162 691 is
1197 662 1316 690 unus
1358 645 1498 691 homo
1533 657 1644 702 erat,
1687 661 1823 708 quem

189 721 314 784 prius
338 731 441 766 ante
465 736 625 766 omnes
651 720 801 766 minus
826 720 966 766 nostri
986 720 1243 766 studiosum
1269 719 1633 777 aestimabamus,
1654 719 1826 782 quippe

191 795 269 858 qui
297 794 472 857 primus
499 794 740 856 parisiense
763 795 999 840 decretum
1024 794 1096 840 hic
1120 794 1165 839 in
1190 793 1428 856 publicum
1453 794 1658 850 ediderit,
1684 794 1824 856 pusil-

191 869 232 914 lo
263 879 414 913 tamen
447 879 525 913 aut
555 867 681 913 nullo
718 869 841 930 apud
880 867 1105 931 populum
1143 866 1301 914 favore
1335 866 1494 914 fultus.
1527 867 1594 913 Sic
1627 884 1825 931 namque

194 943 344 999 Deus,
376 942 446 987 cui
480 942 537 987 sit
568 941 663 987 laus
695 953 739 988 et
769 941 912 1004 gloria
941 941 1236 1004 sempiterna,
1275 952 1484 987 contorta
1515 941 1559 986 in
1601 958 1705 986 suos
1739 942 1825 987 tela

190 1014 411 1078 refringit,
438 1015 590 1077 pravis
614 1015 852 1061 conatibus
876 1015 1070 1074 obsistit,
1097 1026 1142 1061 et
1165 1015 1210 1061 in
1236 1015 1427 1061 nihilum
1454 1015 1654 1060 humana
1679 1014 1826 1060 consi-

191 1089 247 1135 lia
278 1090 455 1152 redigit.
496 1089 674 1135 Deinde
704 1107 809 1136 cum
843 1090 878 1135 is
909 1089 1030 1135 idem
1062 1101 1266 1152 praetor,
1298 1089 1554 1145 hominem,
1586 1089 1661 1152 qui
1696 1101 1826 1135 atrox

189 1163 441 1209 admodum
466 1163 755 1210 commiserat
777 1163 970 1219 crimen,
994 1163 1140 1226 capite
1164 1164 1415 1217 damnaret,
1447 1175 1663 1227 tantaque
1688 1164 1822 1209 animi

191 1237 429 1299 pertinatia
453 1254 502 1282 ac
529 1237 693 1283 mentis
716 1236 922 1301 calligine
946 1237 1172 1283 laboraret
1196 1254 1314 1294 reus,
1340 1249 1391 1282 ut
1426 1254 1505 1283 nec
1529 1238 1825 1284 suadentibus

191 1313 409 1376 religiosis
433 1312 553 1369 viris,
580 1311 825 1376 multisque
851 1312 966 1369 aliis,
992 1323 1195 1375 peccata,
1221 1312 1266 1358 in
1295 1313 1508 1358 extremis
1538 1314 1823 1369 constitutus,

191 1386 412 1432 sacerdoti
444 1386 649 1431 confiteri
683 1386 836 1443 vellet,
870 1387 1055 1432 tandem
1087 1397 1270 1449 praetor
1301 1387 1418 1433 duos
1451 1386 1605 1433 Patres
1629 1404 1652 1433 e
1683 1388 1824 1433 domo

190 1470 344 1505 nostra
367 1459 567 1505 accessiri
586 1460 738 1523 jussit,
763 1460 864 1523 qui,
891 1472 1033 1506 totam
1061 1459 1181 1505 illam
1215 1472 1394 1506 noctem
1433 1460 1687 1506 insomnem
1719 1478 1822 1507 cum

189 1533 264 1579 illo
290 1533 520 1589 ducentes,
546 1533 749 1579 confiteri
776 1533 1106 1596 compulerant,
1133 1532 1357 1597 rebusque
1389 1533 1480 1579 suis
1504 1533 1718 1580 omnibus
1742 1535 1824 1580 rite

188 1623 237 1652 ac
262 1619 380 1653 recte
404 1607 644 1670 dispositis,
669 1619 721 1653 ut
746 1624 907 1653 verum
932 1624 980 1653 ac
1006 1607 1135 1670 pium
1160 1607 1454 1654 christianum
1482 1608 1695 1673 decebat,
1731 1625 1824 1655 me·

190 1682 277 1727 rito
302 1682 346 1726 in
371 1681 596 1743 supplicio
621 1682 818 1727 animam
846 1681 1090 1728 exhalavit.

255 1755 307 1801 In
353 1754 662 1817 spiritualibus
702 1756 926 1802 exercitiis
969 1756 1089 1801 hisce
1129 1754 1289 1802 diebus
1331 1772 1422 1801 non
1463 1771 1624 1817 parum
1668 1755 1737 1800 hic
1779 1755 1823 1800 in

190 1828 375 1874 Christo
401 1826 594 1890 profecit
618 1829 827 1874 sacerdos
857 1829 1045 1891 quidam
1075 1828 1337 1891 theologuS,
1369 1828 1605 1892 cujusdam
1632 1845 1654 1873 a
1678 1829 1824 1874 consi-

192 1902 257 1948 liis
281 1902 398 1965 regis
424 1901 554 1957 filius,
580 1901 650 1947 vir
673 1902 841 1960 clarus,
866 1902 1039 1947 etiamsi
1071 1901 1132 1947 ob
1158 1901 1380 1964 peculiare
1413 1902 1647 1965 quoddam
1681 1902 1823 1964 impe-

191 1976 447 2022 dimentum
474 1976 681 2021 Societati
708 1988 886 2022 nostrae
910 1987 1042 2039 aptus
1067 1993 1158 2021 non
1183 1976 1240 2021 sit
1264 1975 1491 2023 inventus.

254 2049 511 2095 Scholastici
554 2067 603 2095 ac
645 2049 869 2095 bonarum
911 2049 1143 2095 literarum
1186 2049 1336 2095 studia
1371 2050 1553 2112 egregie
1588 2049 1710 2112 apud
1741 2065 1823 2094 nos

190 2124 394 2188 quotidie
418 2123 795 2187 progrediuntur.
827 2124 910 2169 Est
934 2134 980 2169 et
1011 2124 1096 2169 hoc
1122 2123 1331 2185 paschate
1362 2136 1458 2168 acta
1489 2123 1618 2168 nobis
1645 2121 1823 2185 publice

190 2198 446 2254 comoedia,
470 2215 608 2261 quam
634 2199 884 2244 secundum
911 2196 1201 2244 festivitatem
1226 2198 1486 2260 composuit
1523 2196 1661 2242 frater
1690 2198 1823 2257 Jose-

192 2273 310 2334 phus
334 2272 390 2318 de
416 2272 600 2328 Acosta,
627 2288 720 2317 rem
746 2271 933 2335 quidem
960 2288 1050 2317 non
1078 2271 1366 2318 mediocriter
1390 2283 1435 2317 et
1468 2271 1624 2335 populi
1657 2271 1823 2317 instru—

190 2346 327 2392 ctioni
352 2357 397 2391 et
420 2346 791 2392 scholasticorum
818 2345 998 2391 utilitati
1019 2346 1349 2392 conducentem
1374 2345 1401 2393 ¹.

255 2420 433 2465 Omnes
456 2419 727 2477 scholastici,
754 2430 806 2464 ut
830 2418 970 2464 moris
992 2429 1078 2475 est,
1105 2418 1292 2482 singulis
1311 2418 1567 2481 quibusque
1592 2417 1822 2464 mensibus

191 2493 315 2539 domi
341 2491 630 2548 confitentur,
655 2493 749 2556 qui,
781 2505 832 2538 ut
856 2508 1046 2538 suorum
1077 2492 1212 2537 etiam
1243 2492 1500 2538 studiorum
1532 2508 1669 2555 quam
1701 2492 1822 2555 opti-

194 2583 314 2611 mam
340 2566 559 2611 rationem
585 2567 791 2623 reddant,
818 2577 1063 2629 nostraque
1088 2566 1144 2612 ad
1168 2582 1370 2629 unguem
1398 2565 1602 2611 instituta
1625 2577 1820 2624 servent,

192 2651 237 2685 et
261 2639 304 2685 in
336 2639 577 2685 christiana
608 2640 846 2703 praecipue
877 2640 1083 2692 doctrina
1116 2656 1254 2703 quam
1286 2639 1482 2684 maxime
1513 2650 1820 2698 exerceantur,

192 2730 300 2759 cura
326 2729 416 2758 non
441 2713 590 2776 segnis
615 2713 872 2761 adhibetur.

259 2786 450 2832 Ineunte
486 2803 613 2845 vere,
654 2787 863 2833 ecclesiae
903 2798 1101 2844 nostrae,
1142 2786 1325 2833 favente
1362 2787 1481 2843 De0,
1523 2785 1822 2834 fundamenta

185 2860 426 2925 jacientur3
468 2854 655 2923 q'uidam
690 2861 810 2907 enim
853 2861 1178 2918 studiosorum,
1214 2861 1280 2907 bis
1319 2861 1439 2907 mille
1477 2877 1636 2907 aureos
1672 2862 1822 2924 operis

247 3031 259 3056 ¹
315 3033 415 3069 Vide
435 3033 641 3079 POLANCO,
663 3037 688 3070 t.
704 3041 764 3079 Vl,
784 3044 870 3080 pag.
895 3035 983 3081 567,
1006 3045 1042 3071 n.
1067 3043 1165 3082 2447
1190 3038 1226 3070 et
1252 3033 1468 3081 seqq—lbi
1498 3035 1599 3070 enim
1629 3035 1725 3070 haec
1745 3033 1822 3080 epi-

199 3095 300 3131 stola
320 3099 536 3141 usurpatur.
