2014 3528
795 238 840 279 31
875 239 960 275 MAJI
993 225 1093 279 1556
1284 271 1286 274 ,
1630 237 1706 280 339

880 411 1019 445 1¹4oe

601 497 832 534 JOANNES
861 497 1105 535 IGNATIUS
1134 497 1288 535 NIETO

445 586 657 632 PATRI
694 586 955 646 JOANNI
993 586 1087 632 DE
1126 586 1454 633 POLANCO

557 681 765 715 Minoum,
797 681 898 717 MAJo
928 681 1138 715 EXEUNrE,
1175 671 1275 720 1556
1307 668 1334 708 ¹.

134 763 219 808 lter,
238 773 259 797 a
278 772 318 798 se
340 765 377 797 et
398 773 419 797 a
439 761 576 796 Fulvio
593 760 782 796 Androtio
804 760 1036 803 confectum,
1053 760 1403 807 describit—Quid
1425 761 1516 797 boni
1538 761 1575 797 in
1596 762 1659 797 via
1680 772 1763 808 ege·

186 825 281 871 rint,
310 824 736 861 narrat.—Multorum
763 834 853 870 erga
880 822 1114 860 Societatem
1140 823 1604 860 studium—Meidulam
1635 836 1763 870 perve-

187 888 310 933 niunt,
333 891 370 923 et
394 886 669 923 humanissime
692 886 1222 932 excipiuntur.-Cardinalis
1240 886 1442 922 Dandinus
1463 897 1507 922 ac
1528 888 1665 924 domus
1686 899 1764 923 car—

185 951 316 997 pensis
338 951 556 987 laudantur.
944 1001 952 1011 ·

935 1013 964 1049 Τ

203 1090 271 1136 La
295 1090 439 1154 gratia
461 1101 506 1135 et
531 1106 637 1152 pace
670 1089 726 1136 de
758 1089 944 1136 Christo
976 1100 1133 1135 nostro
1164 1089 1347 1153 signore
1379 1090 1441 1136 sia
1471 1106 1648 1153 sempre
1678 1106 1762 1136 con

137 1165 228 1211 noi.
261 1165 428 1210 Amen.
469 1164 592 1211 Rd0.
626 1164 668 1210 in
703 1163 890 1210 Christo
925 1164 1087 1210 Padre.
1123 1164 1434 1226 Quantunche
1466 1165 1509 1210 io
1542 1165 1602 1211 mi
1630 1176 1766 1211 trouo

138 1238 435 1285 insufficiente
461 1255 541 1301 per
560 1237 604 1284 la
627 1238 847 1284 deboleza
866 1237 986 1284 dello
1008 1238 1099 1283 mio
1120 1238 1297 1300 spiritu,
1318 1238 1449 1301 quale
1469 1256 1606 1284 senza
1625 1239 1766 1285 dubio

137 1330 271 1360 causa
296 1313 336 1358 la
368 1313 459 1358 mia
491 1311 832 1375 imperfettione
863 1313 919 1359 de
955 1313 1062 1369 uita,
1099 1313 1396 1370 nondimeno,
1426 1313 1764 1360 confidandomi

137 1389 182 1434 in
209 1388 248 1434 la
271 1403 453 1434 summa
476 1386 651 1433 buonta
676 1387 720 1434 di
755 1387 923 1450 que110,
955 1387 1086 1450 quale
1117 1404 1202 1433 con
1237 1387 1274 1432 13
1304 1405 1384 1434 sua
1410 1388 1691 1450 plenitudine
1720 1388 1764 1434 di

138 1463 282 1526 gratia
317 1473 363 1508 et
399 1462 583 1508 santtita
617 1462 1159 1508 abondantissimamente
1190 1462 1378 1526 suplisse
1402 1460 1463 1508 ‘in
1498 1463 1649 1526 quello
1685 1464 1766 1509 che

139 1538 212 1583 noi
239 1537 549 1595 manchiamo;
575 1548 619 1583 et
650 1537 996 1582 recordandomi
1031 1537 1227 1582 anchora
1257 1537 1437 1583 essermi
1470 1548 1612 1583 estato
1643 1555 1767 1583 corn-

138 1612 355 1658 mandato
380 1611 495 1658 della
522 1622 650 1657 santa
674 1610 948 1667 obedientia,
984 1610 1023 1656 13
1055 1610 1186 1674 quale
1221 1611 1266 1656 ci*
1285 1610 1342 1656 da
1373 1611 1414 1657 le
1447 1611 1512 1657 ale
1537 1628 1618 1674 per
1642 1612 1769 1657 uoiar

140 1688 218 1750 piu
245 1687 336 1733 alto
360 1687 442 1733 che
469 1687 542 1732 noi
569 1687 606 1732 ci
633 1686 881 1749 pensiamo3
909 1685 968 1731 ho
1002 1686 1352 1732 accommodato
1377 1686 1404 1732 l'
1438 1686 1605 1744 animo,
1630 1698 1675 1732 et
1702 1686 1766 1749 pim

137 1762 276 1825 gliato
302 1761 344 1807 la
369 1778 519 1824 penna
544 1778 622 1824 per
646 1760 826 1807 scriber'
860 1761 1019 1806 alcuna
1050 1772 1177 1823 parte
1210 1761 1255 1808 di
1287 1761 1433 1825 quelle
1467 1778 1601 1808 cuose
1624 1762 1706 1807 che
1740 1761 1767 1807 il

140 1837 305 1899 Signor
329 1835 387 1881 ha
410 1835 571 1881 uoluto
595 1852 757 1899 operar
783 1851 862 1897 per
887 1835 898 1881 i
924 1834 1022 1881 suoi
1047 1835 1180 1893 serui,
1206 1835 1364 1898 dippoi
1396 1836 1478 1882 che
1509 1835 1596 1899 egli
1630 1834 1768 1881 furno

139 1910 293 1972 partiti
318 1910 363 1957 di
387 1911 497 1956 costi
518 1909 549 1958 ².

206 1985 530 2042 Primamente,
555 1985 739 2031 arriuati
766 1984 809 2030 in
835 1983 1064 2030 Anchona
1093 1984 1186 2030 sani
1218 2000 1299 2047 per
1332 1983 1370 2030 13
1403 1984 1546 2047 gratia
1578 1984 1633 2030 de
1658 1983 1766 2040 Dio,

139 2059 330 2106 fussimo
371 2059 566 2123 allogiati
610 2059 655 2105 in
686 2076 787 2105 casa
825 2058 882 2105 de
914 2059 990 2104 vn‘
1033 2059 1178 2104 amico
1213 2058 1356 2105 molto
1396 2059 1767 2115 humanamente,

139 2135 291 2182 duoue
321 2146 574 2198 espettamo
607 2134 635 2180 il
670 2145 810 2180 vento
837 2150 917 2196 ρει·
947 2144 1015 2179 tre
1048 2134 1211 2197 giorni.
1258 2135 1310 2180 In
1343 2145 1505 2198 questo
1537 2151 1703 2195 mezzo
1733 2133 1766 2179 si

141 2209 275 2255 uisito
304 2208 332 2254 il
355 2209 592 2272 hospitale,
618 2221 663 2255 et
687 2209 721 2255 si
748 2208 931 2272 predico
951 2209 1042 2254 dua
1066 2197 1205 2265 uoite,
1224 2225 1315 2254 vna
1338 2209 1383 2254 in
1404 2209 1535 2272 piaza
1555 2225 1768 2271 appresso

141 2283 166 2329 il
194 2282 387 2346 palagio,
413 2284 525 2329 altra
550 2284 595 2330 in
619 2300 710 2330 vna
734 2283 912 2329 estrada
937 2282 1197 2346 principale,
1230 2283 1384 2329 duoue
1414 2282 1465 2329 fu
1490 2295 1607 2330 stato
1633 2299 1767 2346 gran-

140 2357 326 2403 dissimo
351 2374 584 2415 concorso,
610 2369 654 2404 et
680 2358 852 2403 homini
881 2357 925 2403 di
951 2357 1124 2420 grande
1155 2357 1428 2416 stimatione,
1461 2369 1505 2404 et
1539 2356 1707 2415 hebrei,
1738 2356 1766 2402 li

140 2431 262 2495 quali
290 2432 487 2495 (quanto
512 2432 664 2496 quello
687 2433 770 2478 che
794 2432 838 2478 io
862 2443 995 2494 potea
1014 2431 1184 2477 iudicat
1208 2443 1253 2478 et
1269 2432 1467 2478 anchora
1490 2431 1652 2492 sentir)
1675 2448 1765 2477 non

140 2506 326 2552 diceano
350 2505 465 2551 altro
488 2505 571 2552 che
595 2505 722 2563 bene,
745 2516 791 2552 et
814 2516 1055 2552 restauano
1082 2505 1225 2551 molto
1249 2506 1466 2552 consolati
1492 2506 1606 2552 delle
1629 2521 1766 2568 opere

140 2579 197 2625 de
216 2578 322 2625 Dio.
347 2579 615 2643 Douunque
641 2579 668 2625 il
688 2579 833 2626 Padre
854 2593 1011 2625 nostro
1036 2579 1068 2624 si
1091 2590 1296 2637 trouaua,
1316 2596 1495 2643 sempre
1520 2579 1767 2643 ragionaua

196 2723 207 2749 ¹
265 2725 320 2761 Ex
348 2727 588 2773 autographo
616 2727 654 2762 in
681 2727 757 2763 vol.
786 2724 886 2765 Litt.
917 2724 1143 2775 Quadrz'm.
1171 2724 1308 2777 1556,
1336 2727 1479 2773 duplici
1506 2727 1617 2773 folio,
1639 2738 1676 2764 n.
1707 2734 1766 2773 25,

78 2786 81 2788 ’
141 2788 248 2835 prius
271 2800 357 2834 104,
383 2797 469 2837 105.

194 2848 210 2873 2
264 2851 364 2887 Vide
385 2862 512 2898 supra,
535 2852 644 2898 epist.
669 2853 784 2898 1136,
805 2853 871 2888 ubi
893 2863 1048 2889 causam
1071 2852 1235 2898 itineris,
1258 2863 1279 2888 a
1301 2853 1340 2889 P.
1363 2852 1499 2888 Fulvio
1520 2852 1710 2888 Androtio
1732 2856 1768 2887 et

142 2912 289 2948 Joanne
311 2913 461 2958 Ignatio
489 2914 675 2960 suscepti,
706 2914 918 2961 innuimus,
940 2915 1119 2951 nimirum
1145 2918 1186 2950 ut
1209 2925 1353 2950 morem
1381 2919 1557 2961 gererent
1584 2914 1768 2950 cardinali

144 2974 210 3010 Pio
230 2974 268 3009 di
286 2974 414 3022 Carpi,
431 2976 494 3022 qui
516 2976 679 3022 patriam
698 2986 805 3012 suam
827 2987 851 3012 a
871 2977 1106 3013 nostratibus
1128 2977 1252 3013 excoli
1274 2977 1465 3022 cupiebat.
1488 2975 1543 3012 Cf.
1562 2976 1766 3020 POLANCO,

145 3039 171 3072 t.
192 3044 254 3082 VI,
277 3047 362 3083 pag.
393 3047 454 3085 71,
483 3048 550 3086 72,
576 3049 612 3075 n.
642 3050 714 3074 222
744 3042 782 3075 et
808 3050 934 3086 seqq.‚
963 3040 1027 3086 qui
1054 3040 1152 3076 hanc
1180 3040 1354 3077 adhibuit
1382 3040 1583 3086 epistolam
1613 3050 1767 3087 remque

147 3097 362 3136 illustravit.
