2008 3510
293 253 371 305 708
758 252 992 291 Ems’romE
1021 253 1350 304 Macran—1291

237 376 366 405 mum
391 368 646 421 spectasset,
673 374 833 421 rogare
857 358 1023 421 coepit,
1048 357 1178 422 ecqui
1205 357 1485 421 praesbiteri,
1510 357 1648 422 quiue
1672 356 1868 421 religiosi

236 433 307 479 hic
323 443 486 479 essent.
508 432 800 495 Responsum
818 442 899 491 est,
918 432 1149 478 Societatis
1165 432 1290 492 Jesu.
1310 432 1440 478 Turn
1459 431 1546 488 ille,
1563 431 1686 490 haec,
1703 430 1869 495 inquit,

235 519 303 553 est
326 506 486 570 religio
510 517 555 552 et
579 505 650 552 hic
675 506 815 564 locus,
840 523 979 570 quem
1011 506 1095 565 N.,
1125 506 1298 552 amicus
1330 522 1478 562 meus,
1502 506 1694 570 quaerit.
1723 505 1870 552 Hunc

235 593 388 628 autem
413 580 560 627 aiebat
582 598 677 627 esse
700 582 948 645 quemdam
973 580 1112 627 alium
1137 581 1302 638 ciuem,
1326 579 1539 627 fortunae
1568 581 1773 643 corporis
1798 592 1868 627 at-

234 672 323 720 que
353 655 490 701 animi
517 654 649 701 bonis
674 655 1054 719 praepollentem,
1080 655 1315 701 hominem
1341 655 1531 702 celibem
1556 665 1602 701 et
1626 656 1746 701 uitae
1778 655 1870 719 spi—

233 729 406 775 ritualis
430 729 704 788 studiosum,
722 729 794 776 cui
821 730 864 776 in
891 729 1045 776 animo
1068 741 1182 776 esset
1205 729 1461 793 religiosam
1486 729 1631 776 uitam
1656 745 1805 793 agere,
1824 740 1870 776 et

232 821 333 850 suas
358 802 566 850 fortunas
590 804 626 850 ei
654 804 857 868 religioni
883 805 1055 851 donare
1080 821 1129 851 ac
1149 805 1415 869 relinquere,
1439 805 1511 851 cui
1536 821 1582 851 se
1607 804 1868 852 addixisset.

234 878 298 925 Et
333 895 440 925 cum
470 879 636 926 deinde
668 890 906 943 quaereret
943 896 1033 944 qua
1067 880 1241 926 ratione
1279 880 1365 926 hoc
1401 879 1641 944 negotium
1678 878 1868 943 transigi

232 965 400 1017 posset,
426 970 696 1018 responsum
723 955 825 1001 tulit
850 972 942 1001 non
966 972 1059 1002 esse
1084 955 1171 1002 hoc
1196 955 1241 1002 in
1270 965 1425 1002 nostra
1449 971 1603 1011 mann,
1628 954 1707 1001 sed
1731 970 1869 1018 agen-
1923 945 1928 952 ’

231 1030 345 1076 dum
370 1046 463 1075 esse
485 1046 590 1075 cum
611 1031 872 1093 praeposito
898 1030 1095 1094 generali
1123 1030 1262 1093 ipsius
1285 1030 1533 1087 Societatis,
1552 1041 1596 1076 et
1621 1046 1727 1076 cum
1746 1029 1870 1092 prio—

232 1121 280 1149 re
303 1104 620 1151 sanctissimae·
638 1105 895 1164 Trinitatis,
926 1105 1004 1168 qui
1032 1104 1164 1151 nobis
1190 1106 1306 1152 hanc
1342 1105 1535 1152 domum
1571 1103 1866 1151 habitandam

231 1179 545 1243 assignauerit:
570 1196 677 1225 eum
707 1196 800 1226 esse
830 1196 887 1225 ex
919 1191 1054 1243 gente
1085 1179 1442 1243 lipomanorum.
1470 1180 1581 1241 Quo
1607 1179 1679 1225 ille
1710 1178 1867 1225 audito

231 1253 430 1310 nomine,
449 1253 657 1317 concepit
675 1270 804 1316 spem
829 1270 874 1299 se
900 1255 1091 1300 omnino
1111 1254 1349 1318 negotium
1371 1255 1512 1300 amice
1529 1251 1867 1313 confecturum,

230 1328 401 1391 quippe
426 1345 573 1391 quum
598 1328 884 1392 propinquos
911 1328 1088 1391 prioris,
1113 1327 1356 1375 familiares
1380 1327 1554 1375 habeat.

299 1402 433 1448 Haec
467 1412 596 1459 sunt,
632 1402 767 1449 Pater
798 1403 1050 1450 admodum
1097 1403 1232 1460 Rde.,
1273 1420 1389 1467 quae
1419 1404 1476 1450 ad
1500 1403 1562 1450 T.
1591 1402 1645 1450 P.
1679 1412 1868 1465 propter

231 1477 592 1523 aedificationem
617 1477 938 1540 perscribenda
955 1478 1226 1525 censuimus.
1250 1479 1483 1542 Dignetur
1501 1477 1716 1525 dominus
1733 1477 1869 1537 Jesus

231 1554 354 1610 haec,
379 1570 495 1617 quae
520 1553 700 1616 incepit,
725 1553 785 1599 sic
810 1569 994 1616 augere,
1020 1564 1072 1599 ut
1095 1569 1235 1617 quam
1262 1553 1488 1599 maximus
1511 1553 1568 1599 ad
1592 1551 1731 1616 ipsius
1754 1567 1865 1598 oues

232 1626 408 1674 fructus
431 1626 680 1691 perueniat.
705 1626 908 1673 Venetiis
932 1627 1112 1674 kalend.
1139 1626 1355 1673 Octobris
1389 1642 1406 1672 1
1419 1640 1442 1689 5
1450 1639 1522 1688 50.

978 1820 1116 1855 1291

807 1907 956 1945 CIVES
985 1906 1287 1945 PARMENSES

546 1985 759 2043 PATRI
796 1996 1096 2043 IGNATIO
1131 1996 1226 2043 DE
1262 1995 1549 2042 LOYOLA

731 2101 867 2128 PARMA
895 2090 945 2128 26
975 2101 1173 2128 ocronms
1206 2100 1307 2140 1550
1338 2087 1367 2126 ¹.

358 2199 545 2235 Joannem
565 2197 692 2234 Btam.
711 2197 827 2234 Viola
848 2197 896 2234 ad
916 2208 957 2234 se
977 2197 1075 2234 mitti
1095 2207 1318 2244 parmenses
1338 2197 1443 2234 cives
1463 2196 1732 2244 deprecantur.
1765 2222 1768 2225 -

303 2392 462 2439 Molto
490 2392 613 2440 Rdo.
641 2392 715 2438 M.
741 2391 834 2438 don
866 2391 1063 2455 Ignati0.
1094 2391 1148 2437 Se
1178 2390 1217 2437 le
1246 2407 1382 2454 opere
1411 2390 1611 2437 esteriori
1642 2390 1687 2438 di
1713 2390 1774 2438 V.
1801 2390 1863 2438 R.

236 2468 307 2514 nel
332 2467 528 2530 seruigio
552 2467 598 2513 di
624 2466 719 2512 Dio
743 2483 856 2512 sono
871 2466 1245 2529 correspondenti
1262 2465 1345 2511 alla
1364 2465 1567 2512 bellezza
1582 2475 1627 2512 et
1651 2464 1865 2528 integrita

235 2543 308 2590 del
341 2543 499 2606 spirito
532 2542 763 2599 interiore,
796 2559 819 2587 e
852 2541 895 2587 in
928 2540 1135 2604 generale
1165 2541 1372 2587 rendono
1406 2540 1579 2603 piacere
1608 2557 1632 2585 e
1660 2539 1865 2585 consola-

236 2618 358 2663 tione
383 2634 407 2662 a
432 2617 537 2662 tutti
563 2616 573 2662 i
600 2615 757 2679 populi
782 2615 999 2672 cristiani,
1021 2625 1195 2679 quanto
1223 2614 1587 2678 maggiormente
1612 2614 1730 2660 deue
1755 2630 1865 2677 pen-

236 2709 307 2737 sar
336 2691 375 2736 la
408 2692 468 2738 R.
503 2691 561 2738 V.
595 2690 677 2736 che
707 2690 751 2735 in
783 2689 1046 2751 particolare
1079 2690 1205 2735 siano
1238 2700 1365 2752 grate
1395 2699 1440 2735 et
1469 2699 1636 2735 accette
1665 2705 1690 2734 a
1719 2687 1865 2752 quelle

237 2782 449 2828 persone,
476 2765 514 2810 le
546 2764 666 2828 quali
697 2763 764 2809 col
798 2780 963 2810 mezzo
994 2764 1050 2810 de
1082 2763 1180 2808 suoi
1205 2762 1346 2808 buoni
1376 2779 1400 2808 e
1433 2761 1650 2808 salutiferi
1681 2761 1864 2825 esempli

237 2837 352 2883 nella
379 2838 449 2883 via
473 2837 543 2884 del
568 2837 757 2901 Signore
783 2836 816 2881 si
843 2836 1074 2894 sforzano,
1104 2853 1195 2882 non
1220 2836 1467 2882 solamente
1491 2836 1536 2882 di
1562 2835 1864 2899 guadagnarsi

236 2912 277 2956 la
302 2912 486 2974 propria
510 2911 666 2967 salute,
693 2927 766 2956 ma
785 2927 964 2969 ancora,
986 2910 1208 2957 imitando
1227 2910 1295 2966 lei,
1315 2910 1360 2955 di
1379 2926 1620 2973 procurare
1645 2926 1731 2955 con
1755 2909 1864 2972 ogni

290 3063 303 3088 ¹
360 3065 417 3101 Ex
442 3066 622 3112 originali
651 3065 690 3101 in
717 3065 793 3102 vol.
820 3062 957 3115 Epist.
985 3062 1272 3110 diversorum,
1301 3063 1444 3110 duplici
1472 3063 1583 3109 folio,
1605 3073 1641 3100 n.
1665 3073 1732 3110 23,
1759 3063 1864 3110 prius

236 3138 299 3174 41,
321 3138 384 3172 42.
