<?xml version="1.0" encoding="UTF-8"?>
<!DOCTYPE html PUBLIC "-//W3C//DTD XHTML 1.0 Transitional//EN"
    "http://www.w3.org/TR/xhtml1/DTD/xhtml1-transitional.dtd">
<html xmlns="http://www.w3.org/1999/xhtml" xml:lang="en" lang="en">
 <head>
  <title>
</title>
<meta http-equiv="Content-Type" content="text/html;charset=utf-8" />
  <meta name='ocr-system' content='tesseract 3.04.00' />
  <meta name='ocr-capabilities' content='ocr_page ocr_carea ocr_par ocr_line ocrx_word'/>
</head>
<body>
  <div class='ocr_page' id='page_1' title='image "./epistolaemixtaee05matruoft_0349.png"; bbox 0 0 2014 3528; ppageno 0'>
   <div class='ocr_carea' id='block_1_1' title="bbox 0 0 223 54">
    <p class='ocr_par' dir='ltr' id='par_1_1' title="bbox 0 0 223 54">
     <span class='ocr_line' id='line_1_1' title="bbox 0 0 223 54; baseline 0 3474"><span class='ocrx_word' id='word_1_1' title='bbox 0 0 223 54; x_wconf 95' lang='lat' dir='ltr'> </span> 
     </span>
    </p>
   </div>
   <div class='ocr_carea' id='block_1_2' title="bbox 764 289 1754 343">
    <p class='ocr_par' dir='ltr' id='par_1_2' title="bbox 764 289 1754 343">
     <span class='ocr_line' id='line_1_2' title="bbox 764 289 1754 343; baseline 0 -17"><span class='ocrx_word' id='word_1_2' title='bbox 764 299 863 335; x_wconf 80' lang='lat' dir='ltr'>MAJo</span> <span class='ocrx_word' id='word_1_3' title='bbox 893 299 1084 327; x_wconf 75' lang='lat' dir='ltr'><strong>EXEUNTE</strong></span> <span class='ocrx_word' id='word_1_4' title='bbox 1117 289 1219 340; x_wconf 85' lang='lat'>1556</span> <span class='ocrx_word' id='word_1_5' title='bbox 1588 324 1590 326; x_wconf 78' lang='grc'>,</span> <span class='ocrx_word' id='word_1_6' title='bbox 1679 304 1754 343; x_wconf 85' lang='lat'>343</span> 
     </span>
    </p>
   </div>
   <div class='ocr_carea' id='block_1_3' title="bbox 124 393 1821 3199">
    <p class='ocr_par' dir='ltr' id='par_1_3' title="bbox 174 393 1807 516">
     <span class='ocr_line' id='line_1_3' title="bbox 175 393 1807 460; baseline 0.004 -20"><span class='ocrx_word' id='word_1_7' title='bbox 175 393 408 441; x_wconf 87' lang='lat' dir='ltr'>crediamo</span> <span class='ocrx_word' id='word_1_8' title='bbox 449 394 532 441; x_wconf 90' lang='lat' dir='ltr'>che</span> <span class='ocrx_word' id='word_1_9' title='bbox 575 394 751 459; x_wconf 71' lang='lat' dir='ltr'>parlara</span> <span class='ocrx_word' id='word_1_10' title='bbox 787 394 938 458; x_wconf 91' lang='lat' dir='ltr'>quello</span> <span class='ocrx_word' id='word_1_11' title='bbox 979 395 1061 441; x_wconf 91' lang='lat' dir='ltr'>che</span> <span class='ocrx_word' id='word_1_12' title='bbox 1102 397 1501 460; x_wconf 70' lang='lat' dir='ltr'>sara,espediente</span> <span class='ocrx_word' id='word_1_13' title='bbox 1542 397 1626 444; x_wconf 87' lang='lat' dir='ltr'>alla</span> <span class='ocrx_word' id='word_1_14' title='bbox 1666 399 1807 447; x_wconf 86' lang='lat' dir='ltr'>salute</span> 
     </span>
     <span class='ocr_line' id='line_1_4' title="bbox 174 467 418 516; baseline 0.008 -3"><span class='ocrx_word' id='word_1_15' title='bbox 174 467 278 514; x_wconf 87' lang='lat' dir='ltr'>delli</span> <span class='ocrx_word' id='word_1_16' title='bbox 303 468 418 516; x_wconf 90' lang='lat' dir='ltr'>suoi.</span> 
     </span>
    </p>

    <p class='ocr_par' dir='ltr' id='par_1_4' title="bbox 124 543 1812 2462">
     <span class='ocr_line' id='line_1_5' title="bbox 239 543 1806 612; baseline 0.003 -22"><span class='ocrx_word' id='word_1_17' title='bbox 239 543 399 602; x_wconf 84' lang='lat' dir='ltr'>Hieri,</span> <span class='ocrx_word' id='word_1_18' title='bbox 425 544 538 590; x_wconf 89' lang='lat' dir='ltr'>nella</span> <span class='ocrx_word' id='word_1_19' title='bbox 571 545 717 607; x_wconf 86' lang='lat' dir='ltr'>prima</span> <span class='ocrx_word' id='word_1_20' title='bbox 744 561 886 590; x_wconf 88' lang='lat' dir='ltr'>messa</span> <span class='ocrx_word' id='word_1_21' title='bbox 909 544 991 589; x_wconf 87' lang='lat' dir='ltr'>ehe</span> <span class='ocrx_word' id='word_1_22' title='bbox 1016 544 1043 590; x_wconf 92' lang='lat' dir='ltr'>il</span> <span class='ocrx_word' id='word_1_23' title='bbox 1074 545 1218 591; x_wconf 82' lang='lat' dir='ltr'>Padre</span> <span class='ocrx_word' id='word_1_24' title='bbox 1249 545 1306 591; x_wconf 88' lang='lat' dir='ltr'>ha</span> <span class='ocrx_word' id='word_1_25' title='bbox 1329 545 1554 593; x_wconf 89' lang='lat' dir='ltr'>celebrato</span> <span class='ocrx_word' id='word_1_26' title='bbox 1580 547 1623 593; x_wconf 88' lang='lat' dir='ltr'>in</span> <span class='ocrx_word' id='word_1_27' title='bbox 1649 561 1806 612; x_wconf 89' lang='lat' dir='ltr'>questa</span> 
     </span>
     <span class='ocr_line' id='line_1_6' title="bbox 173 618 1804 684; baseline 0.004 -21"><span class='ocrx_word' id='word_1_28' title='bbox 173 629 312 675; x_wconf 88' lang='lat' dir='ltr'>terra,</span> <span class='ocrx_word' id='word_1_29' title='bbox 344 618 518 665; x_wconf 84' lang='lat' dir='ltr'>voltato</span> <span class='ocrx_word' id='word_1_30' title='bbox 550 619 588 664; x_wconf 92' lang='lat' dir='ltr'>al</span> <span class='ocrx_word' id='word_1_31' title='bbox 621 619 794 681; x_wconf 88' lang='lat' dir='ltr'>populo</span> <span class='ocrx_word' id='word_1_32' title='bbox 826 618 944 663; x_wconf 81' lang='lat' dir='ltr'>nello</span> <span class='ocrx_word' id='word_1_33' title='bbox 977 618 1136 676; x_wconf 80' lang='lat' dir='ltr'>altare,</span> <span class='ocrx_word' id='word_1_34' title='bbox 1168 619 1283 665; x_wconf 90' lang='lat' dir='ltr'>disse</span> <span class='ocrx_word' id='word_1_35' title='bbox 1316 637 1409 666; x_wconf 89' lang='lat' dir='ltr'>vno</span> <span class='ocrx_word' id='word_1_36' title='bbox 1443 622 1804 684; x_wconf 84' lang='lat' dir='ltr'>ragionamento,</span> 
     </span>
     <span class='ocr_line' id='line_1_7' title="bbox 171 692 1802 757; baseline 0.004 -20"><span class='ocrx_word' id='word_1_37' title='bbox 171 693 466 739; x_wconf 86' lang='lat' dir='ltr'>essortandoli</span> <span class='ocrx_word' id='word_1_38' title='bbox 487 692 570 738; x_wconf 86' lang='lat' dir='ltr'>alla</span> <span class='ocrx_word' id='word_1_39' title='bbox 594 692 875 739; x_wconf 89' lang='lat' dir='ltr'>confessione</span> <span class='ocrx_word' id='word_1_40' title='bbox 895 705 939 738; x_wconf 88' lang='lat' dir='ltr'>et</span> <span class='ocrx_word' id='word_1_41' title='bbox 963 694 1289 739; x_wconf 85' lang='lat' dir='ltr'>communione</span> <span class='ocrx_word' id='word_1_42' title='bbox 1310 707 1354 740; x_wconf 84' lang='lat' dir='ltr'>et</span> <span class='ocrx_word' id='word_1_43' title='bbox 1374 695 1524 757; x_wconf 72' lang='lat' dir='ltr'>purita</span> <span class='ocrx_word' id='word_1_44' title='bbox 1545 696 1615 742; x_wconf 87' lang='lat' dir='ltr'>del</span> <span class='ocrx_word' id='word_1_45' title='bbox 1639 698 1802 754; x_wconf 81' lang='lat' dir='ltr'>anima3</span> 
     </span>
     <span class='ocr_line' id='line_1_8' title="bbox 170 767 1803 834; baseline 0.002 -21"><span class='ocrx_word' id='word_1_46' title='bbox 170 779 215 814; x_wconf 89' lang='lat' dir='ltr'>et</span> <span class='ocrx_word' id='word_1_47' title='bbox 247 768 292 813; x_wconf 90' lang='lat' dir='ltr'>in</span> <span class='ocrx_word' id='word_1_48' title='bbox 325 768 468 814; x_wconf 71' lang='lat' dir='ltr'>uerita</span> <span class='ocrx_word' id='word_1_49' title='bbox 501 785 580 831; x_wconf 90' lang='lat' dir='ltr'>per</span> <span class='ocrx_word' id='word_1_50' title='bbox 611 767 756 814; x_wconf 85' lang='lat' dir='ltr'>finirla</span> <span class='ocrx_word' id='word_1_51' title='bbox 789 785 879 813; x_wconf 90' lang='lat' dir='ltr'>non</span> <span class='ocrx_word' id='word_1_52' title='bbox 917 768 976 813; x_wconf 89' lang='lat' dir='ltr'>mi</span> <span class='ocrx_word' id='word_1_53' title='bbox 1013 768 1190 813; x_wconf 87' lang='lat' dir='ltr'>satiaria</span> <span class='ocrx_word' id='word_1_54' title='bbox 1221 768 1276 814; x_wconf 87' lang='lat' dir='ltr'>de</span> <span class='ocrx_word' id='word_1_55' title='bbox 1316 769 1387 814; x_wconf 92' lang='lat' dir='ltr'>dir</span> <span class='ocrx_word' id='word_1_56' title='bbox 1418 769 1530 815; x_wconf 90' lang='lat' dir='ltr'>bene</span> <span class='ocrx_word' id='word_1_57' title='bbox 1565 771 1610 816; x_wconf 86' lang='lat' dir='ltr'>di</span> <span class='ocrx_word' id='word_1_58' title='bbox 1643 785 1803 834; x_wconf 85' lang='lat' dir='ltr'>questo</span> 
     </span>
     <span class='ocr_line' id='line_1_9' title="bbox 172 842 1802 906; baseline 0.002 -17"><span class='ocrx_word' id='word_1_59' title='bbox 172 843 343 900; x_wconf 82' lang='lat' dir='ltr'>Padre,</span> <span class='ocrx_word' id='word_1_60' title='bbox 370 842 502 905; x_wconf 89' lang='lat' dir='ltr'>quale</span> <span class='ocrx_word' id='word_1_61' title='bbox 535 842 668 889; x_wconf 90' lang='lat' dir='ltr'>lddio</span> <span class='ocrx_word' id='word_1_62' title='bbox 694 843 750 888; x_wconf 85' lang='lat' dir='ltr'>ha</span> <span class='ocrx_word' id='word_1_63' title='bbox 775 843 950 905; x_wconf 91' lang='lat' dir='ltr'>ripieno</span> <span class='ocrx_word' id='word_1_64' title='bbox 976 842 1045 887; x_wconf 89' lang='lat' dir='ltr'>del</span> <span class='ocrx_word' id='word_1_65' title='bbox 1072 842 1232 904; x_wconf 82' lang='lat' dir='ltr'>spiritu</span> <span class='ocrx_word' id='word_1_66' title='bbox 1257 843 1302 888; x_wconf 89' lang='lat' dir='ltr'>di</span> <span class='ocrx_word' id='word_1_67' title='bbox 1328 854 1485 906; x_wconf 87' lang='lat' dir='ltr'>questa</span> <span class='ocrx_word' id='word_1_68' title='bbox 1509 859 1635 890; x_wconf 86' lang='lat' dir='ltr'>santa</span> <span class='ocrx_word' id='word_1_69' title='bbox 1660 846 1802 892; x_wconf 90' lang='lat' dir='ltr'>Com-</span> 
     </span>
     <span class='ocr_line' id='line_1_10' title="bbox 169 916 1801 980; baseline 0.003 -19"><span class='ocrx_word' id='word_1_70' title='bbox 169 916 333 979; x_wconf 86' lang='lat' dir='ltr'>pagnia</span> <span class='ocrx_word' id='word_1_71' title='bbox 357 916 403 962; x_wconf 91' lang='lat' dir='ltr'>di</span> <span class='ocrx_word' id='word_1_72' title='bbox 430 916 594 973; x_wconf 77' lang='lat' dir='ltr'>Giesu3</span> <span class='ocrx_word' id='word_1_73' title='bbox 620 929 664 962; x_wconf 92' lang='lat' dir='ltr'>et</span> <span class='ocrx_word' id='word_1_74' title='bbox 689 917 795 979; x_wconf 85' lang='lat' dir='ltr'>egli,</span> <span class='ocrx_word' id='word_1_75' title='bbox 821 916 1101 979; x_wconf 86' lang='lat' dir='ltr'>ragionando</span> <span class='ocrx_word' id='word_1_76' title='bbox 1129 933 1257 962; x_wconf 88' lang='lat' dir='ltr'>meco</span> <span class='ocrx_word' id='word_1_77' title='bbox 1283 917 1475 980; x_wconf 85' lang='lat' dir='ltr'><strong>qualche</strong></span> <span class='ocrx_word' id='word_1_78' title='bbox 1507 919 1645 976; x_wconf 89' lang='lat' dir='ltr'>uolta‚</span> <span class='ocrx_word' id='word_1_79' title='bbox 1671 920 1801 978; x_wconf 88' lang='lat' dir='ltr'>disse,</span> 
     </span>
     <span class='ocr_line' id='line_1_11' title="bbox 166 989 1802 1056; baseline 0.002 -20"><span class='ocrx_word' id='word_1_80' title='bbox 166 990 248 1036; x_wconf 89' lang='lat' dir='ltr'>che</span> <span class='ocrx_word' id='word_1_81' title='bbox 268 989 296 1036; x_wconf 92' lang='lat' dir='ltr'>il</span> <span class='ocrx_word' id='word_1_82' title='bbox 316 1007 399 1036; x_wconf 90' lang='lat' dir='ltr'>suo</span> <span class='ocrx_word' id='word_1_83' title='bbox 419 989 657 1047; x_wconf 84' lang='lat' dir='ltr'>desiderio,</span> <span class='ocrx_word' id='word_1_84' title='bbox 684 1003 728 1035; x_wconf 87' lang='lat' dir='ltr'>et</span> <span class='ocrx_word' id='word_1_85' title='bbox 746 990 897 1053; x_wconf 88' lang='lat' dir='ltr'>quello</span> <span class='ocrx_word' id='word_1_86' title='bbox 921 991 1003 1035; x_wconf 91' lang='lat' dir='ltr'>che</span> <span class='ocrx_word' id='word_1_87' title='bbox 1026 990 1242 1036; x_wconf 80' lang='lat' dir='ltr'>dimanda</span> <span class='ocrx_word' id='word_1_88' title='bbox 1267 1008 1291 1035; x_wconf 90' lang='lat' dir='ltr'>a</span> <span class='ocrx_word' id='word_1_89' title='bbox 1320 991 1412 1037; x_wconf 89' lang='lat' dir='ltr'>Dio</span> <span class='ocrx_word' id='word_1_90' title='bbox 1440 1004 1595 1038; x_wconf 86' lang='lat' dir='ltr'>nostro</span> <span class='ocrx_word' id='word_1_91' title='bbox 1620 994 1802 1056; x_wconf 86' lang='lat' dir='ltr'>signore</span> 
     </span>
     <span class='ocr_line' id='line_1_12' title="bbox 167 1064 1802 1128; baseline 0.002 -18"><span class='ocrx_word' id='word_1_92' title='bbox 167 1065 208 1122; x_wconf 76' lang='grc' dir='ltr'>ἐ,</span> <span class='ocrx_word' id='word_1_93' title='bbox 233 1065 315 1110; x_wconf 88' lang='lat' dir='ltr'>che</span> <span class='ocrx_word' id='word_1_94' title='bbox 342 1064 403 1127; x_wconf 83' lang='lat' dir='ltr'>gli</span> <span class='ocrx_word' id='word_1_95' title='bbox 429 1065 502 1110; x_wconf 90' lang='lat' dir='ltr'>dia</span> <span class='ocrx_word' id='word_1_96' title='bbox 527 1075 689 1127; x_wconf 89' lang='lat' dir='ltr'>questo</span> <span class='ocrx_word' id='word_1_97' title='bbox 713 1075 844 1109; x_wconf 87' lang='lat' dir='ltr'>santo</span> <span class='ocrx_word' id='word_1_98' title='bbox 875 1064 1058 1127; x_wconf 86' lang='lat' dir='ltr'>spiritu,</span> <span class='ocrx_word' id='word_1_99' title='bbox 1084 1064 1110 1109; x_wconf 92' lang='lat' dir='ltr'>il</span> <span class='ocrx_word' id='word_1_100' title='bbox 1140 1064 1245 1127; x_wconf 88' lang='lat' dir='ltr'>qual</span> <span class='ocrx_word' id='word_1_101' title='bbox 1276 1065 1336 1128; x_wconf 85' lang='lat' dir='ltr'>gli</span> <span class='ocrx_word' id='word_1_102' title='bbox 1372 1064 1510 1111; x_wconf 84' lang='lat' dir='ltr'>faccia</span> <span class='ocrx_word' id='word_1_103' title='bbox 1538 1065 1802 1114; x_wconf 89' lang='lat' dir='ltr'>conformar</span> 
     </span>
     <span class='ocr_line' id='line_1_13' title="bbox 167 1138 1801 1202; baseline 0.002 -17"><span class='ocrx_word' id='word_1_104' title='bbox 167 1156 254 1185; x_wconf 91' lang='lat' dir='ltr'>con</span> <span class='ocrx_word' id='word_1_105' title='bbox 290 1139 315 1184; x_wconf 96' lang='lat' dir='ltr'>li</span> <span class='ocrx_word' id='word_1_106' title='bbox 350 1140 493 1185; x_wconf 81' lang='lat' dir='ltr'>nostri</span> <span class='ocrx_word' id='word_1_107' title='bbox 529 1139 679 1186; x_wconf 80' lang='lat' dir='ltr'>Padri.</span> <span class='ocrx_word' id='word_1_108' title='bbox 714 1138 802 1184; x_wconf 91' lang='lat' dir='ltr'>Per</span> <span class='ocrx_word' id='word_1_109' title='bbox 827 1150 948 1184; x_wconf 88' lang='lat' dir='ltr'>tutto</span> <span class='ocrx_word' id='word_1_110' title='bbox 979 1139 1006 1184; x_wconf 91' lang='lat' dir='ltr'>il</span> <span class='ocrx_word' id='word_1_111' title='bbox 1042 1139 1191 1202; x_wconf 82' lang='lat' dir='ltr'>viagio</span> <span class='ocrx_word' id='word_1_112' title='bbox 1225 1151 1268 1184; x_wconf 91' lang='lat' dir='ltr'>et</span> <span class='ocrx_word' id='word_1_113' title='bbox 1300 1139 1497 1186; x_wconf 87' lang='lat' dir='ltr'>hosterie</span> <span class='ocrx_word' id='word_1_114' title='bbox 1532 1158 1623 1186; x_wconf 89' lang='lat' dir='ltr'>non</span> <span class='ocrx_word' id='word_1_115' title='bbox 1658 1142 1801 1188; x_wconf 87' lang='lat' dir='ltr'>hauea</span> 
     </span>
     <span class='ocr_line' id='line_1_14' title="bbox 165 1211 1797 1276; baseline 0.002 -18"><span class='ocrx_word' id='word_1_116' title='bbox 165 1214 279 1259; x_wconf 89' lang='lat' dir='ltr'>altro</span> <span class='ocrx_word' id='word_1_117' title='bbox 314 1214 359 1258; x_wconf 86' lang='lat' dir='ltr'>in</span> <span class='ocrx_word' id='word_1_118' title='bbox 393 1213 556 1271; x_wconf 87' lang='lat' dir='ltr'>bocca,</span> <span class='ocrx_word' id='word_1_119' title='bbox 592 1213 674 1259; x_wconf 87' lang='lat' dir='ltr'>che</span> <span class='ocrx_word' id='word_1_120' title='bbox 712 1213 753 1258; x_wconf 89' lang='lat' dir='ltr'>la</span> <span class='ocrx_word' id='word_1_121' title='bbox 786 1229 935 1275; x_wconf 86' lang='lat' dir='ltr'>spessa</span> <span class='ocrx_word' id='word_1_122' title='bbox 971 1211 1336 1276; x_wconf 79' lang='lat' dir='ltr'>frequentatione</span> <span class='ocrx_word' id='word_1_123' title='bbox 1371 1214 1474 1259; x_wconf 87' lang='lat' dir='ltr'>delli</span> <span class='ocrx_word' id='word_1_124' title='bbox 1511 1217 1797 1263; x_wconf 75' lang='lat' dir='ltr'>sacramenti:</span> 
     </span>
     <span class='ocr_line' id='line_1_15' title="bbox 165 1287 1796 1351; baseline 0.001 -19"><span class='ocrx_word' id='word_1_125' title='bbox 165 1288 504 1350; x_wconf 86' lang='lat' dir='ltr'>reprehendeua</span> <span class='ocrx_word' id='word_1_126' title='bbox 528 1298 572 1332; x_wconf 85' lang='lat' dir='ltr'>et</span> <span class='ocrx_word' id='word_1_127' title='bbox 597 1287 878 1350; x_wconf 84' lang='lat' dir='ltr'>reprehende</span> <span class='ocrx_word' id='word_1_128' title='bbox 903 1287 1331 1349; x_wconf 84' lang='lat' dir='ltr'>asperissimarnenti</span> <span class='ocrx_word' id='word_1_129' title='bbox 1354 1288 1490 1351; x_wconf 89' lang='lat' dir='ltr'>quelli</span> <span class='ocrx_word' id='word_1_130' title='bbox 1515 1289 1596 1334; x_wconf 89' lang='lat' dir='ltr'>che</span> <span class='ocrx_word' id='word_1_131' title='bbox 1622 1290 1796 1347; x_wconf 72' lang='lat' dir='ltr'>iuratio,</span> 
     </span>
     <span class='ocr_line' id='line_1_16' title="bbox 163 1361 1795 1426; baseline 0.001 -19"><span class='ocrx_word' id='word_1_132' title='bbox 163 1362 441 1426; x_wconf 78' lang='lat' dir='ltr'>quanto&#39;piu</span> <span class='ocrx_word' id='word_1_133' title='bbox 469 1361 603 1425; x_wconf 88' lang='lat' dir='ltr'>quelli</span> <span class='ocrx_word' id='word_1_134' title='bbox 635 1362 719 1407; x_wconf 90' lang='lat' dir='ltr'>che</span> <span class='ocrx_word' id='word_1_135' title='bbox 744 1361 1078 1418; x_wconf 87' lang='lat' dir='ltr'>biasthemano;</span> <span class='ocrx_word' id='word_1_136' title='bbox 1112 1362 1151 1406; x_wconf 89' lang='lat' dir='ltr'>la</span> <span class='ocrx_word' id='word_1_137' title='bbox 1184 1373 1329 1407; x_wconf 79' lang='lat' dir='ltr'>morte</span> <span class='ocrx_word' id='word_1_138' title='bbox 1354 1379 1534 1425; x_wconf 86' lang='lat' dir='ltr'>sempre</span> <span class='ocrx_word' id='word_1_139' title='bbox 1565 1363 1718 1409; x_wconf 87' lang='lat' dir='ltr'>riduce</span> <span class='ocrx_word' id='word_1_140' title='bbox 1753 1365 1795 1409; x_wconf 90' lang='lat' dir='ltr'>in</span> 
     </span>
     <span class='ocr_line' id='line_1_17' title="bbox 164 1436 1798 1498; baseline 0.002 -18"><span class='ocrx_word' id='word_1_141' title='bbox 164 1436 407 1493; x_wconf 87' lang='lat' dir='ltr'>memoria,</span> <span class='ocrx_word' id='word_1_142' title='bbox 437 1449 482 1481; x_wconf 89' lang='lat' dir='ltr'>et</span> <span class='ocrx_word' id='word_1_143' title='bbox 515 1436 555 1481; x_wconf 87' lang='lat' dir='ltr'>la</span> <span class='ocrx_word' id='word_1_144' title='bbox 585 1452 697 1498; x_wconf 86' lang='lat' dir='ltr'>gran</span> <span class='ocrx_word' id='word_1_145' title='bbox 729 1436 900 1482; x_wconf 73' lang='lat' dir='ltr'>charita</span> <span class='ocrx_word' id='word_1_146' title='bbox 924 1436 995 1481; x_wconf 91' lang='lat' dir='ltr'>del</span> <span class='ocrx_word' id='word_1_147' title='bbox 1022 1436 1193 1498; x_wconf 81' lang='lat' dir='ltr'>figliolo</span> <span class='ocrx_word' id='word_1_148' title='bbox 1220 1437 1276 1482; x_wconf 90' lang='lat' dir='ltr'>de</span> <span class='ocrx_word' id='word_1_149' title='bbox 1303 1436 1416 1493; x_wconf 89' lang='lat' dir='ltr'>Dio;</span> <span class='ocrx_word' id='word_1_150' title='bbox 1450 1436 1686 1482; x_wconf 86' lang='lat' dir='ltr'>l&#39;oratione</span> <span class='ocrx_word' id='word_1_151' title='bbox 1718 1455 1798 1484; x_wconf 86' lang='lat' dir='ltr'>sua</span> 
     </span>
     <span class='ocr_line' id='line_1_18' title="bbox 161 1509 1795 1573; baseline 0.001 -17"><span class='ocrx_word' id='word_1_152' title='bbox 161 1522 328 1556; x_wconf 87' lang='lat' dir='ltr'>secreta</span> <span class='ocrx_word' id='word_1_153' title='bbox 353 1522 471 1556; x_wconf 87' lang='lat' dir='ltr'>tutta</span> <span class='ocrx_word' id='word_1_154' title='bbox 497 1510 521 1555; x_wconf 78' lang='grc' dir='ltr'>ἐ</span> <span class='ocrx_word' id='word_1_155' title='bbox 546 1511 590 1556; x_wconf 92' lang='lat' dir='ltr'>di</span> <span class='ocrx_word' id='word_1_156' title='bbox 617 1509 833 1573; x_wconf 91' lang='lat' dir='ltr'>profondi</span> <span class='ocrx_word' id='word_1_157' title='bbox 859 1510 1019 1572; x_wconf 85' lang='lat' dir='ltr'>sospiri</span> <span class='ocrx_word' id='word_1_158' title='bbox 1046 1510 1197 1573; x_wconf 87' lang='lat' dir='ltr'>piena;</span> <span class='ocrx_word' id='word_1_159' title='bbox 1230 1511 1489 1558; x_wconf 84' lang='lat' dir='ltr'>amoreuole</span> <span class='ocrx_word' id='word_1_160' title='bbox 1516 1529 1647 1557; x_wconf 90' lang='lat' dir='ltr'>uerso</span> <span class='ocrx_word' id='word_1_161' title='bbox 1676 1513 1795 1570; x_wconf 85' lang='lat' dir='ltr'>tutti,</span> 
     </span>
     <span class='ocr_line' id='line_1_19' title="bbox 124 1583 1797 1651; baseline 0.002 -21"><span class='ocrx_word' id='word_1_162' title='bbox 124 1639 127 1643; x_wconf 16' lang='grc' dir='ltr'><strong>Δ</strong></span> <span class='ocrx_word' id='word_1_163' title='bbox 161 1583 388 1647; x_wconf 85' lang='lat' dir='ltr'>famigliar</span> <span class='ocrx_word' id='word_1_164' title='bbox 414 1585 578 1642; x_wconf 82' lang='lat' dir='ltr'>molt03</span> <span class='ocrx_word' id='word_1_165' title='bbox 603 1597 648 1631; x_wconf 89' lang='lat' dir='ltr'>et</span> <span class='ocrx_word' id='word_1_166' title='bbox 671 1585 975 1631; x_wconf 86' lang='lat' dir='ltr'>chiaramente</span> <span class='ocrx_word' id='word_1_167' title='bbox 1000 1586 1036 1630; x_wconf 82' lang='lat' dir='ltr'>si</span> <span class='ocrx_word' id='word_1_168' title='bbox 1053 1602 1278 1649; x_wconf 81' lang='lat' dir='ltr'>cognosce</span> <span class='ocrx_word' id='word_1_169' title='bbox 1298 1587 1446 1649; x_wconf 88' lang='lat' dir='ltr'>ipsum</span> <span class='ocrx_word' id='word_1_170' title='bbox 1471 1604 1561 1632; x_wconf 89' lang='lat' dir='ltr'>non</span> <span class='ocrx_word' id='word_1_171' title='bbox 1583 1604 1797 1651; x_wconf 74' lang='lat' dir='ltr'>quaerere</span> 
     </span>
     <span class='ocr_line' id='line_1_20' title="bbox 162 1659 1795 1724; baseline 0.002 -20"><span class='ocrx_word' id='word_1_172' title='bbox 162 1676 276 1722; x_wconf 89' lang='lat' dir='ltr'>quae</span> <span class='ocrx_word' id='word_1_173' title='bbox 310 1676 390 1705; x_wconf 88' lang='lat' dir='ltr'>sua</span> <span class='ocrx_word' id='word_1_174' title='bbox 423 1672 552 1716; x_wconf 87' lang='lat' dir='ltr'>sunt,</span> <span class='ocrx_word' id='word_1_175' title='bbox 576 1661 654 1706; x_wconf 90' lang='lat' dir='ltr'>sed</span> <span class='ocrx_word' id='word_1_176' title='bbox 690 1677 806 1723; x_wconf 86' lang='lat' dir='ltr'>quae</span> <span class='ocrx_word' id='word_1_177' title='bbox 835 1659 946 1719; x_wconf 84' lang='lat' dir='ltr'>Jesu</span> <span class='ocrx_word' id='word_1_178' title='bbox 981 1660 1167 1707; x_wconf 80' lang='lat' dir='ltr'>Christi.</span> <span class='ocrx_word' id='word_1_179' title='bbox 1201 1660 1254 1707; x_wconf 95' lang='lat' dir='ltr'>Io</span> <span class='ocrx_word' id='word_1_180' title='bbox 1289 1661 1348 1706; x_wconf 91' lang='lat' dir='ltr'>mi</span> <span class='ocrx_word' id='word_1_181' title='bbox 1384 1661 1560 1724; x_wconf 82' lang='lat' dir='ltr'>ralegro</span> <span class='ocrx_word' id='word_1_182' title='bbox 1593 1679 1795 1708; x_wconf 85' lang='lat' dir='ltr'>summa-</span> 
     </span>
     <span class='ocr_line' id='line_1_21' title="bbox 160 1734 1794 1800; baseline 0.002 -21"><span class='ocrx_word' id='word_1_183' title='bbox 160 1745 332 1790; x_wconf 82' lang='lat' dir='ltr'>mente,</span> <span class='ocrx_word' id='word_1_184' title='bbox 368 1734 533 1797; x_wconf 78' lang='lat' dir='ltr'>perche</span> <span class='ocrx_word' id='word_1_185' title='bbox 567 1734 684 1780; x_wconf 88' lang='lat' dir='ltr'>uedo</span> <span class='ocrx_word' id='word_1_186' title='bbox 715 1736 798 1780; x_wconf 82' lang='lat' dir='ltr'>che</span> <span class='ocrx_word' id='word_1_187' title='bbox 832 1735 871 1780; x_wconf 83' lang='lat' dir='ltr'>la</span> <span class='ocrx_word' id='word_1_188' title='bbox 903 1734 1189 1797; x_wconf 86' lang='lat' dir='ltr'>plenitudine</span> <span class='ocrx_word' id='word_1_189' title='bbox 1222 1736 1278 1782; x_wconf 87' lang='lat' dir='ltr'>de</span> <span class='ocrx_word' id='word_1_190' title='bbox 1314 1736 1351 1781; x_wconf 77' lang='lat' dir='ltr'>la</span> <span class='ocrx_word' id='word_1_191' title='bbox 1383 1736 1557 1782; x_wconf 74' lang='lat' dir='ltr'>buonta</span> <span class='ocrx_word' id='word_1_192' title='bbox 1587 1754 1666 1782; x_wconf 86' lang='lat' dir='ltr'>sua</span> <span class='ocrx_word' id='word_1_193' title='bbox 1689 1754 1794 1800; x_wconf 86' lang='lat' dir='ltr'>sup-</span> 
     </span>
     <span class='ocr_line' id='line_1_22' title="bbox 162 1808 1812 1873; baseline 0.001 -18"><span class='ocrx_word' id='word_1_194' title='bbox 162 1809 292 1871; x_wconf 88' lang='lat' dir='ltr'>plisse</span> <span class='ocrx_word' id='word_1_195' title='bbox 313 1809 324 1855; x_wconf 92' lang='lat' dir='ltr'>i</span> <span class='ocrx_word' id='word_1_196' title='bbox 346 1810 431 1855; x_wconf 92' lang='lat' dir='ltr'>mei</span> <span class='ocrx_word' id='word_1_197' title='bbox 459 1809 619 1873; x_wconf 65' lang='lat' dir='ltr'>grandi</span> <span class='ocrx_word' id='word_1_198' title='bbox 642 1808 800 1856; x_wconf 87' lang='lat' dir='ltr'>defetti</span> <span class='ocrx_word' id='word_1_199' title='bbox 821 1821 865 1856; x_wconf 86' lang='lat' dir='ltr'>et</span> <span class='ocrx_word' id='word_1_200' title='bbox 885 1810 1236 1856; x_wconf 83' lang='lat' dir='ltr'>mancharnenti.</span> <span class='ocrx_word' id='word_1_201' title='bbox 1269 1811 1586 1873; x_wconf 82' lang='lat' dir='ltr'>Rengratiato,</span> <span class='ocrx_word' id='word_1_202' title='bbox 1614 1811 1812 1872; x_wconf 41' lang='lat' dir='ltr'>laudato·</span> 
     </span>
     <span class='ocr_line' id='line_1_23' title="bbox 159 1883 1076 1947; baseline 0.003 -19"><span class='ocrx_word' id='word_1_203' title='bbox 159 1894 205 1929; x_wconf 89' lang='lat' dir='ltr'>et</span> <span class='ocrx_word' id='word_1_204' title='bbox 230 1883 484 1947; x_wconf 83' lang='lat' dir='ltr'>glorificato</span> <span class='ocrx_word' id='word_1_205' title='bbox 509 1884 572 1929; x_wconf 84' lang='lat' dir='ltr'>sia</span> <span class='ocrx_word' id='word_1_206' title='bbox 597 1884 624 1929; x_wconf 92' lang='lat' dir='ltr'>il</span> <span class='ocrx_word' id='word_1_207' title='bbox 651 1884 841 1947; x_wconf 85' lang='lat' dir='ltr'>Siguore</span> <span class='ocrx_word' id='word_1_208' title='bbox 865 1885 910 1931; x_wconf 89' lang='lat' dir='ltr'>di</span> <span class='ocrx_word' id='word_1_209' title='bbox 938 1896 1076 1931; x_wconf 86' lang='lat' dir='ltr'>tutt0.</span> 
     </span>
     <span class='ocr_line' id='line_1_24' title="bbox 156 1957 1793 2022; baseline 0.002 -19"><span class='ocrx_word' id='word_1_210' title='bbox 156 1975 164 1977; x_wconf 50' lang='lat'><em>⁴</em></span> <span class='ocrx_word' id='word_1_211' title='bbox 225 1957 338 2003; x_wconf 89' lang='lat' dir='ltr'>Non</span> <span class='ocrx_word' id='word_1_212' title='bbox 362 1958 465 2004; x_wconf 76' lang='lat' dir='ltr'>diro</span> <span class='ocrx_word' id='word_1_213' title='bbox 491 1958 607 2003; x_wconf 91' lang='lat' dir='ltr'>altro</span> <span class='ocrx_word' id='word_1_214' title='bbox 633 1974 713 2021; x_wconf 88' lang='lat' dir='ltr'>per</span> <span class='ocrx_word' id='word_1_215' title='bbox 740 1958 871 2016; x_wconf 86' lang='lat' dir='ltr'>hora,</span> <span class='ocrx_word' id='word_1_216' title='bbox 897 1976 941 2004; x_wconf 93' lang='lat' dir='ltr'>se</span> <span class='ocrx_word' id='word_1_217' title='bbox 967 1976 1056 2004; x_wconf 89' lang='lat' dir='ltr'>non</span> <span class='ocrx_word' id='word_1_218' title='bbox 1093 1959 1322 2022; x_wconf 83' lang='lat' dir='ltr'>supplicar</span> <span class='ocrx_word' id='word_1_219' title='bbox 1349 1959 1387 2004; x_wconf 84' lang='lat' dir='ltr'>la</span> <span class='ocrx_word' id='word_1_220' title='bbox 1416 1960 1472 2005; x_wconf 89' lang='lat' dir='ltr'>R.</span> <span class='ocrx_word' id='word_1_221' title='bbox 1503 1959 1562 2006; x_wconf 89' lang='lat' dir='ltr'>V.</span> <span class='ocrx_word' id='word_1_222' title='bbox 1590 1960 1793 2006; x_wconf 88' lang='lat' dir='ltr'>dimandi</span> 
     </span>
     <span class='ocr_line' id='line_1_25' title="bbox 159 2032 1794 2096; baseline 0.001 -18"><span class='ocrx_word' id='word_1_223' title='bbox 159 2032 198 2077; x_wconf 85' lang='lat' dir='ltr'>al</span> <span class='ocrx_word' id='word_1_224' title='bbox 225 2033 407 2096; x_wconf 87' lang='lat' dir='ltr'>signore</span> <span class='ocrx_word' id='word_1_225' title='bbox 431 2032 542 2090; x_wconf 83' lang='lat' dir='ltr'>Dio,</span> <span class='ocrx_word' id='word_1_226' title='bbox 570 2033 630 2078; x_wconf 88' lang='lat' dir='ltr'>mi</span> <span class='ocrx_word' id='word_1_227' title='bbox 656 2033 730 2078; x_wconf 84' lang='lat' dir='ltr'>dia</span> <span class='ocrx_word' id='word_1_228' title='bbox 753 2049 832 2078; x_wconf 86' lang='lat' dir='ltr'>sua</span> <span class='ocrx_word' id='word_1_229' title='bbox 857 2034 1111 2079; x_wconf 84' lang='lat' dir='ltr'>santissima</span> <span class='ocrx_word' id='word_1_230' title='bbox 1145 2033 1310 2096; x_wconf 81' lang='lat' dir='ltr'>gratia,</span> <span class='ocrx_word' id='word_1_231' title='bbox 1346 2034 1468 2079; x_wconf 76' lang='lat' dir='ltr'>accio</span> <span class='ocrx_word' id='word_1_232' title='bbox 1493 2034 1536 2079; x_wconf 92' lang='lat' dir='ltr'>io</span> <span class='ocrx_word' id='word_1_233' title='bbox 1560 2051 1645 2079; x_wconf 88' lang='lat' dir='ltr'>con</span> <span class='ocrx_word' id='word_1_234' title='bbox 1673 2046 1794 2080; x_wconf 87' lang='lat' dir='ltr'>tutto</span> 
     </span>
     <span class='ocr_line' id='line_1_26' title="bbox 159 2106 1795 2172; baseline 0.002 -20"><span class='ocrx_word' id='word_1_235' title='bbox 159 2106 186 2152; x_wconf 91' lang='lat' dir='ltr'>il</span> <span class='ocrx_word' id='word_1_236' title='bbox 219 2123 356 2152; x_wconf 86' lang='lat' dir='ltr'>cuore</span> <span class='ocrx_word' id='word_1_237' title='bbox 393 2107 455 2170; x_wconf 87' lang='lat' dir='ltr'>gli</span> <span class='ocrx_word' id='word_1_238' title='bbox 480 2106 568 2152; x_wconf 89' lang='lat' dir='ltr'>ami</span> <span class='ocrx_word' id='word_1_239' title='bbox 600 2118 644 2152; x_wconf 88' lang='lat' dir='ltr'>et</span> <span class='ocrx_word' id='word_1_240' title='bbox 676 2107 819 2163; x_wconf 82' lang='lat' dir='ltr'>sirua,</span> <span class='ocrx_word' id='word_1_241' title='bbox 851 2119 896 2153; x_wconf 88' lang='lat' dir='ltr'>et</span> <span class='ocrx_word' id='word_1_242' title='bbox 930 2108 989 2153; x_wconf 90' lang='lat' dir='ltr'>mi</span> <span class='ocrx_word' id='word_1_243' title='bbox 1025 2109 1234 2154; x_wconf 89' lang='lat' dir='ltr'>conserui</span> <span class='ocrx_word' id='word_1_244' title='bbox 1261 2109 1305 2154; x_wconf 90' lang='lat' dir='ltr'>in</span> <span class='ocrx_word' id='word_1_245' title='bbox 1332 2121 1491 2172; x_wconf 86' lang='lat' dir='ltr'>questa</span> <span class='ocrx_word' id='word_1_246' title='bbox 1523 2121 1669 2155; x_wconf 84' lang='lat' dir='ltr'>santta</span> <span class='ocrx_word' id='word_1_247' title='bbox 1702 2121 1745 2155; x_wconf 83' lang='lat' dir='ltr'>et</span> <span class='ocrx_word' id='word_1_248' title='bbox 1771 2127 1795 2155; x_wconf 89' lang='lat' dir='ltr'>a</span> 
     </span>
     <span class='ocr_line' id='line_1_27' title="bbox 161 2181 1793 2246; baseline 0.001 -20"><span class='ocrx_word' id='word_1_249' title='bbox 161 2198 230 2227; x_wconf 87' lang='lat' dir='ltr'>me</span> <span class='ocrx_word' id='word_1_250' title='bbox 265 2182 345 2244; x_wconf 80' lang='lat' dir='ltr'>piu</span> <span class='ocrx_word' id='word_1_251' title='bbox 385 2182 467 2227; x_wconf 92' lang='lat' dir='ltr'>che</span> <span class='ocrx_word' id='word_1_252' title='bbox 501 2181 760 2227; x_wconf 78' lang='lat' dir='ltr'>charissima</span> <span class='ocrx_word' id='word_1_253' title='bbox 799 2182 1086 2245; x_wconf 84' lang='lat' dir='ltr'>Compagnia</span> <span class='ocrx_word' id='word_1_254' title='bbox 1123 2183 1167 2229; x_wconf 87' lang='lat' dir='ltr'>di</span> <span class='ocrx_word' id='word_1_255' title='bbox 1210 2183 1379 2240; x_wconf 69' lang='lat' dir='ltr'>Giesfi,</span> <span class='ocrx_word' id='word_1_256' title='bbox 1423 2183 1461 2229; x_wconf 94' lang='lat' dir='ltr'>la</span> <span class='ocrx_word' id='word_1_257' title='bbox 1497 2184 1629 2246; x_wconf 88' lang='lat' dir='ltr'>quale</span> <span class='ocrx_word' id='word_1_258' title='bbox 1666 2195 1793 2229; x_wconf 86' lang='lat' dir='ltr'>tanto</span> 
     </span>
     <span class='ocr_line' id='line_1_28' title="bbox 158 2256 1791 2321; baseline 0.001 -19"><span class='ocrx_word' id='word_1_259' title='bbox 158 2256 634 2320; x_wconf 84' lang='lat' dir='ltr'>benignissimamente</span> <span class='ocrx_word' id='word_1_260' title='bbox 665 2258 699 2302; x_wconf 85' lang='lat' dir='ltr'>si</span> <span class='ocrx_word' id='word_1_261' title='bbox 729 2258 783 2302; x_wconf 86' lang='lat' dir='ltr'>ha</span> <span class='ocrx_word' id='word_1_262' title='bbox 809 2258 1009 2321; x_wconf 82' lang='lat' dir='ltr'>degnato</span> <span class='ocrx_word' id='word_1_263' title='bbox 1040 2259 1295 2303; x_wconf 86' lang='lat' dir='ltr'>accettarmi</span> <span class='ocrx_word' id='word_1_264' title='bbox 1332 2275 1412 2320; x_wconf 88' lang='lat' dir='ltr'>per</span> <span class='ocrx_word' id='word_1_265' title='bbox 1440 2275 1530 2304; x_wconf 88' lang='lat' dir='ltr'>vno</span> <span class='ocrx_word' id='word_1_266' title='bbox 1556 2258 1661 2304; x_wconf 90' lang='lat' dir='ltr'>delli</span> <span class='ocrx_word' id='word_1_267' title='bbox 1693 2258 1791 2304; x_wconf 91' lang='lat' dir='ltr'>suoi</span> 
     </span>
     <span class='ocr_line' id='line_1_29' title="bbox 159 2331 1791 2394; baseline 0.001 -18"><span class='ocrx_word' id='word_1_268' title='bbox 159 2331 332 2377; x_wconf 85' lang='lat' dir='ltr'>minimi</span> <span class='ocrx_word' id='word_1_269' title='bbox 353 2332 486 2378; x_wconf 89' lang='lat' dir='ltr'>serui.</span> <span class='ocrx_word' id='word_1_270' title='bbox 509 2331 560 2377; x_wconf 92' lang='lat' dir='ltr'>Io</span> <span class='ocrx_word' id='word_1_271' title='bbox 581 2348 715 2394; x_wconf 88' lang='lat' dir='ltr'>spero</span> <span class='ocrx_word' id='word_1_272' title='bbox 736 2348 815 2394; x_wconf 90' lang='lat' dir='ltr'>per</span> <span class='ocrx_word' id='word_1_273' title='bbox 835 2331 876 2376; x_wconf 85' lang='lat' dir='ltr'>la</span> <span class='ocrx_word' id='word_1_274' title='bbox 895 2333 1115 2377; x_wconf 79' lang='lat' dir='ltr'>immensa</span> <span class='ocrx_word' id='word_1_275' title='bbox 1142 2332 1445 2377; x_wconf 83' lang='lat' dir='ltr'>misericordia</span> <span class='ocrx_word' id='word_1_276' title='bbox 1465 2332 1524 2377; x_wconf 91' lang='lat' dir='ltr'>dil</span> <span class='ocrx_word' id='word_1_277' title='bbox 1554 2332 1644 2377; x_wconf 91' lang='lat' dir='ltr'>mio</span> <span class='ocrx_word' id='word_1_278' title='bbox 1670 2349 1791 2377; x_wconf 88' lang='lat' dir='ltr'>crea-</span> 
     </span>
     <span class='ocr_line' id='line_1_30' title="bbox 159 2405 1626 2462; baseline 0 -11"><span class='ocrx_word' id='word_1_279' title='bbox 159 2418 268 2462; x_wconf 82' lang='lat' dir='ltr'>tore,</span> <span class='ocrx_word' id='word_1_280' title='bbox 295 2407 377 2451; x_wconf 90' lang='lat' dir='ltr'>che</span> <span class='ocrx_word' id='word_1_281' title='bbox 403 2406 441 2451; x_wconf 75' lang='lat' dir='ltr'>si</span> <span class='ocrx_word' id='word_1_282' title='bbox 467 2422 597 2451; x_wconf 88' lang='lat' dir='ltr'>come</span> <span class='ocrx_word' id='word_1_283' title='bbox 624 2406 665 2451; x_wconf 94' lang='lat' dir='ltr'>lo</span> <span class='ocrx_word' id='word_1_284' title='bbox 691 2422 804 2451; x_wconf 87' lang='lat' dir='ltr'>sono</span> <span class='ocrx_word' id='word_1_285' title='bbox 831 2407 875 2450; x_wconf 90' lang='lat' dir='ltr'>in</span> <span class='ocrx_word' id='word_1_286' title='bbox 902 2419 1038 2462; x_wconf 85' lang='lat' dir='ltr'>terra,</span> <span class='ocrx_word' id='word_1_287' title='bbox 1066 2406 1107 2451; x_wconf 96' lang='lat' dir='ltr'>lo</span> <span class='ocrx_word' id='word_1_288' title='bbox 1132 2407 1234 2451; x_wconf 84' lang='lat' dir='ltr'>saro</span> <span class='ocrx_word' id='word_1_289' title='bbox 1263 2406 1403 2451; x_wconf 84' lang='lat' dir='ltr'>anche</span> <span class='ocrx_word' id='word_1_290' title='bbox 1429 2406 1473 2451; x_wconf 91' lang='lat' dir='ltr'>in</span> <span class='ocrx_word' id='word_1_291' title='bbox 1499 2405 1626 2452; x_wconf 90' lang='lat' dir='ltr'>cielo.</span> 
     </span>
    </p>

    <p class='ocr_par' dir='ltr' id='par_1_5' title="bbox 154 2479 1821 3140">
     <span class='ocr_line' id='line_1_31' title="bbox 223 2479 1788 2543; baseline 0 -18"><span class='ocrx_word' id='word_1_292' title='bbox 223 2481 402 2541; x_wconf 73' lang='lat' dir='ltr'>Questa</span> <span class='ocrx_word' id='word_1_293' title='bbox 430 2480 585 2525; x_wconf 89' lang='lat' dir='ltr'>lettera</span> <span class='ocrx_word' id='word_1_294' title='bbox 613 2480 670 2542; x_wconf 88' lang='lat' dir='ltr'>(si</span> <span class='ocrx_word' id='word_1_295' title='bbox 698 2497 722 2525; x_wconf 85' lang='lat' dir='ltr'>a</span> <span class='ocrx_word' id='word_1_296' title='bbox 748 2480 804 2526; x_wconf 91' lang='lat' dir='ltr'>V.</span> <span class='ocrx_word' id='word_1_297' title='bbox 822 2481 898 2541; x_wconf 45' lang='lat' dir='ltr'>‚R.</span> <span class='ocrx_word' id='word_1_298' title='bbox 926 2480 1074 2542; x_wconf 86' lang='lat' dir='ltr'>piace)</span> <span class='ocrx_word' id='word_1_299' title='bbox 1110 2479 1330 2525; x_wconf 72' lang='lat' dir='ltr'>mandara</span> <span class='ocrx_word' id='word_1_300' title='bbox 1355 2496 1379 2524; x_wconf 91' lang='lat' dir='ltr'>a</span> <span class='ocrx_word' id='word_1_301' title='bbox 1405 2479 1577 2525; x_wconf 87' lang='lat' dir='ltr'>Loreto</span> <span class='ocrx_word' id='word_1_302' title='bbox 1603 2497 1627 2525; x_wconf 89' lang='lat' dir='ltr'>a</span> <span class='ocrx_word' id='word_1_303' title='bbox 1651 2479 1788 2543; x_wconf 88' lang='lat' dir='ltr'>quelli</span> 
     </span>
     <span class='ocr_line' id='line_1_32' title="bbox 159 2553 1788 2617; baseline 0.001 -18"><span class='ocrx_word' id='word_1_304' title='bbox 159 2555 244 2599; x_wconf 89' lang='lat' dir='ltr'>mei</span> <span class='ocrx_word' id='word_1_305' title='bbox 282 2554 574 2599; x_wconf 86' lang='lat' dir='ltr'>amantissimi</span> <span class='ocrx_word' id='word_1_306' title='bbox 612 2554 747 2600; x_wconf 89' lang='lat' dir='ltr'>Padri</span> <span class='ocrx_word' id='word_1_307' title='bbox 779 2566 824 2600; x_wconf 88' lang='lat' dir='ltr'>et</span> <span class='ocrx_word' id='word_1_308' title='bbox 854 2553 1038 2611; x_wconf 85' lang='lat' dir='ltr'>fratelli,</span> <span class='ocrx_word' id='word_1_309' title='bbox 1073 2554 1098 2599; x_wconf 91' lang='lat' dir='ltr'>li</span> <span class='ocrx_word' id='word_1_310' title='bbox 1132 2554 1250 2617; x_wconf 88' lang='lat' dir='ltr'>quali</span> <span class='ocrx_word' id='word_1_311' title='bbox 1283 2555 1326 2599; x_wconf 93' lang='lat' dir='ltr'>io</span> <span class='ocrx_word' id='word_1_312' title='bbox 1356 2554 1494 2600; x_wconf 88' lang='lat' dir='ltr'>credo</span> <span class='ocrx_word' id='word_1_313' title='bbox 1528 2571 1618 2599; x_wconf 89' lang='lat' dir='ltr'>non</span> <span class='ocrx_word' id='word_1_314' title='bbox 1654 2571 1788 2600; x_wconf 89' lang='lat' dir='ltr'>meno</span> 
     </span>
     <span class='ocr_line' id='line_1_33' title="bbox 155 2627 1821 2691; baseline 0.001 -18"><span class='ocrx_word' id='word_1_315' title='bbox 155 2628 463 2674; x_wconf 87' lang='lat' dir='ltr'>consolatione</span> <span class='ocrx_word' id='word_1_316' title='bbox 496 2628 723 2674; x_wconf 87' lang='lat' dir='ltr'>hauerano</span> <span class='ocrx_word' id='word_1_317' title='bbox 748 2646 772 2674; x_wconf 86' lang='lat' dir='ltr'>a</span> <span class='ocrx_word' id='word_1_318' title='bbox 799 2629 961 2691; x_wconf 74' lang='lat' dir='ltr'>legerla</span> <span class='ocrx_word' id='word_1_319' title='bbox 991 2629 1072 2675; x_wconf 90' lang='lat' dir='ltr'>che</span> <span class='ocrx_word' id='word_1_320' title='bbox 1098 2629 1141 2673; x_wconf 94' lang='lat' dir='ltr'>io</span> <span class='ocrx_word' id='word_1_321' title='bbox 1166 2645 1190 2672; x_wconf 84' lang='lat' dir='ltr'>a</span> <span class='ocrx_word' id='word_1_322' title='bbox 1214 2628 1446 2684; x_wconf 88' lang='lat' dir='ltr'>scriuerla,</span> <span class='ocrx_word' id='word_1_323' title='bbox 1480 2627 1552 2673; x_wconf 89' lang='lat' dir='ltr'>alli</span> <span class='ocrx_word' id='word_1_324' title='bbox 1584 2628 1655 2673; x_wconf 92' lang='lat' dir='ltr'>cui</span> <span class='ocrx_word' id='word_1_325' title='bbox 1688 2645 1787 2673; x_wconf 91' lang='lat' dir='ltr'>ora-</span> <span class='ocrx_word' id='word_1_326' title='bbox 1818 2672 1821 2675; x_wconf 22' lang='grc' dir='ltr'><strong>Α</strong></span> 
     </span>
     <span class='ocr_line' id='line_1_34' title="bbox 157 2701 1789 2766; baseline 0.001 -19"><span class='ocrx_word' id='word_1_327' title='bbox 157 2702 268 2748; x_wconf 89' lang='lat' dir='ltr'>tioni</span> <span class='ocrx_word' id='word_1_328' title='bbox 303 2701 448 2747; x_wconf 90' lang='lat' dir='ltr'>molto</span> <span class='ocrx_word' id='word_1_329' title='bbox 482 2702 540 2748; x_wconf 83' lang='lat' dir='ltr'>mi</span> <span class='ocrx_word' id='word_1_330' title='bbox 575 2703 895 2751; x_wconf 85' lang='lat' dir='ltr'>raccomando:</span> <span class='ocrx_word' id='word_1_331' title='bbox 928 2716 972 2749; x_wconf 85' lang='lat' dir='ltr'>et</span> <span class='ocrx_word' id='word_1_332' title='bbox 996 2703 1037 2748; x_wconf 91' lang='lat' dir='ltr'>la</span> <span class='ocrx_word' id='word_1_333' title='bbox 1061 2702 1341 2749; x_wconf 82' lang='lat' dir='ltr'>desolatione</span> <span class='ocrx_word' id='word_1_334' title='bbox 1366 2704 1448 2748; x_wconf 89' lang='lat' dir='ltr'>che</span> <span class='ocrx_word' id='word_1_335' title='bbox 1480 2703 1522 2748; x_wconf 96' lang='lat' dir='ltr'>io</span> <span class='ocrx_word' id='word_1_336' title='bbox 1547 2714 1676 2749; x_wconf 88' lang='lat' dir='ltr'>sento</span> <span class='ocrx_word' id='word_1_337' title='bbox 1709 2720 1789 2766; x_wconf 86' lang='lat' dir='ltr'>per</span> 
     </span>
     <span class='ocr_line' id='line_1_35' title="bbox 155 2776 1788 2841; baseline 0 -19"><span class='ocrx_word' id='word_1_338' title='bbox 155 2776 195 2822; x_wconf 88' lang='lat' dir='ltr'>la</span> <span class='ocrx_word' id='word_1_339' title='bbox 221 2776 319 2823; x_wconf 88' lang='lat' dir='ltr'>loro</span> <span class='ocrx_word' id='word_1_340' title='bbox 344 2776 559 2836; x_wconf 90' lang='lat' dir='ltr'>absentia,</span> <span class='ocrx_word' id='word_1_341' title='bbox 585 2778 743 2841; x_wconf 84' lang='lat' dir='ltr'>uoglio</span> <span class='ocrx_word' id='word_1_342' title='bbox 768 2791 811 2824; x_wconf 92' lang='lat' dir='ltr'>et</span> <span class='ocrx_word' id='word_1_343' title='bbox 836 2778 1055 2825; x_wconf 83' lang='lat' dir='ltr'>dimando</span> <span class='ocrx_word' id='word_1_344' title='bbox 1086 2777 1389 2840; x_wconf 84' lang='lat' dir='ltr'>giustamente</span> <span class='ocrx_word' id='word_1_345' title='bbox 1416 2777 1475 2822; x_wconf 89' lang='lat' dir='ltr'>mi</span> <span class='ocrx_word' id='word_1_346' title='bbox 1501 2777 1564 2822; x_wconf 85' lang='lat' dir='ltr'>sia</span> <span class='ocrx_word' id='word_1_347' title='bbox 1589 2794 1788 2822; x_wconf 87' lang='lat' dir='ltr'>raccom-</span> 
     </span>
     <span class='ocr_line' id='line_1_36' title="bbox 155 2851 1788 2913; baseline 0.002 -18"><span class='ocrx_word' id='word_1_348' title='bbox 155 2862 340 2913; x_wconf 89' lang='lat' dir='ltr'>pensata</span> <span class='ocrx_word' id='word_1_349' title='bbox 370 2851 483 2897; x_wconf 87' lang='lat' dir='ltr'>colle</span> <span class='ocrx_word' id='word_1_350' title='bbox 513 2868 591 2897; x_wconf 92' lang='lat' dir='ltr'>sue</span> <span class='ocrx_word' id='word_1_351' title='bbox 622 2852 804 2898; x_wconf 89' lang='lat' dir='ltr'>cordiali</span> <span class='ocrx_word' id='word_1_352' title='bbox 839 2852 1047 2899; x_wconf 84' lang='lat' dir='ltr'>orationi.</span> <span class='ocrx_word' id='word_1_353' title='bbox 1082 2852 1144 2897; x_wconf 89' lang='lat' dir='ltr'>Al</span> <span class='ocrx_word' id='word_1_354' title='bbox 1179 2864 1335 2898; x_wconf 87' lang='lat' dir='ltr'>nostro</span> <span class='ocrx_word' id='word_1_355' title='bbox 1375 2852 1495 2898; x_wconf 88' lang='lat' dir='ltr'>Rdo.</span> <span class='ocrx_word' id='word_1_356' title='bbox 1531 2852 1577 2897; x_wconf 90' lang='lat' dir='ltr'>in</span> <span class='ocrx_word' id='word_1_357' title='bbox 1602 2852 1788 2898; x_wconf 86' lang='lat' dir='ltr'>Christo</span> 
     </span>
     <span class='ocr_line' id='line_1_37' title="bbox 156 2924 1786 2990; baseline 0.001 -20"><span class='ocrx_word' id='word_1_358' title='bbox 156 2924 303 2971; x_wconf 87' lang='lat' dir='ltr'>Padre</span> <span class='ocrx_word' id='word_1_359' title='bbox 336 2925 483 2972; x_wconf 91' lang='lat' dir='ltr'>molto</span> <span class='ocrx_word' id='word_1_360' title='bbox 519 2925 579 2972; x_wconf 88' lang='lat' dir='ltr'>mi</span> <span class='ocrx_word' id='word_1_361' title='bbox 617 2927 919 2973; x_wconf 84' lang='lat' dir='ltr'>raccomando</span> <span class='ocrx_word' id='word_1_362' title='bbox 959 2944 1045 2972; x_wconf 87' lang='lat' dir='ltr'>con</span> <span class='ocrx_word' id='word_1_363' title='bbox 1087 2927 1193 2972; x_wconf 89' lang='lat' dir='ltr'>tutti</span> <span class='ocrx_word' id='word_1_364' title='bbox 1231 2927 1367 2990; x_wconf 87' lang='lat' dir='ltr'>quelli</span> <span class='ocrx_word' id='word_1_365' title='bbox 1407 2927 1463 2973; x_wconf 91' lang='lat' dir='ltr'>de</span> <span class='ocrx_word' id='word_1_366' title='bbox 1500 2943 1599 2972; x_wconf 82' lang='lat' dir='ltr'>casa</span> <span class='ocrx_word' id='word_1_367' title='bbox 1640 2939 1684 2972; x_wconf 90' lang='lat' dir='ltr'>et</span> <span class='ocrx_word' id='word_1_368' title='bbox 1723 2927 1786 2972; x_wconf 87' lang='lat' dir='ltr'>dil</span> 
     </span>
     <span class='ocr_line' id='line_1_38' title="bbox 154 2998 1786 3064; baseline 0.001 -20"><span class='ocrx_word' id='word_1_369' title='bbox 154 2998 359 3062; x_wconf 85' lang='lat' dir='ltr'>collegio.</span> <span class='ocrx_word' id='word_1_370' title='bbox 388 2999 599 3045; x_wconf 88' lang='lat' dir='ltr'>Multum</span> <span class='ocrx_word' id='word_1_371' title='bbox 626 3016 730 3046; x_wconf 89' lang='lat' dir='ltr'>amo</span> <span class='ocrx_word' id='word_1_372' title='bbox 755 3011 818 3057; x_wconf 89' lang='lat' dir='ltr'>te,</span> <span class='ocrx_word' id='word_1_373' title='bbox 843 3001 950 3063; x_wconf 82' lang='lat' dir='ltr'>quia</span> <span class='ocrx_word' id='word_1_374' title='bbox 976 3000 1127 3064; x_wconf 86' lang='lat' dir='ltr'>diligis</span> <span class='ocrx_word' id='word_1_375' title='bbox 1151 3012 1196 3046; x_wconf 90' lang='lat' dir='ltr'>et</span> <span class='ocrx_word' id='word_1_376' title='bbox 1223 3000 1333 3046; x_wconf 91' lang='lat' dir='ltr'>mihi</span> <span class='ocrx_word' id='word_1_377' title='bbox 1360 3000 1581 3057; x_wconf 88' lang='lat' dir='ltr'>multum;</span> <span class='ocrx_word' id='word_1_378' title='bbox 1607 2999 1786 3046; x_wconf 90' lang='lat' dir='ltr'>confers</span> 
     </span>
     <span class='ocr_line' id='line_1_39' title="bbox 155 3067 908 3140; baseline 0.005 -22"><span class='ocrx_word' id='word_1_379' title='bbox 155 3072 378 3130; x_wconf 89' lang='lat' dir='ltr'>officium,</span> <span class='ocrx_word' id='word_1_380' title='bbox 403 3067 592 3120; x_wconf 85' lang='lat' dir='ltr'>confero</span> <span class='ocrx_word' id='word_1_381' title='bbox 617 3090 787 3140; x_wconf 87' lang='lat' dir='ltr'>parque</span> <span class='ocrx_word' id='word_1_382' title='bbox 811 3074 908 3123; x_wconf 82' lang='lat' dir='ltr'>tibi.</span> 
     </span>
    </p>

    <p class='ocr_par' dir='ltr' id='par_1_6' title="bbox 1062 3148 1589 3199">
     <span class='ocr_line' id='line_1_40' title="bbox 1062 3148 1589 3199; baseline 0.002 -1"><span class='ocrx_word' id='word_1_383' title='bbox 1062 3148 1321 3198; x_wconf 64' lang='lat' dir='ltr'>Gmumw’</span> <span class='ocrx_word' id='word_1_384' title='bbox 1360 3149 1589 3199; x_wconf 82' lang='lat' dir='ltr'>IGNATIO.</span> 
     </span>
    </p>
   </div>
  </div>
 </body>
</html>
