2008 3510
300 259 376 298 602
765 258 998 296 EPISTOLAE
1028 258 1357 309 Murrius—1247

245 364 326 410 sed
351 364 395 409 in
419 354 515 409 dies
538 362 809 409 conualescit
824 362 982 427 magis3
1002 363 1126 409 etita
1149 375 1263 427 puto
1288 380 1558 426 responsum
1583 362 1720 410 literis
1744 363 1794 411 P.
1814 364 1873 412 V.

246 438 303 483 de
338 451 363 482 2
371 450 394 497 5
422 435 726 494 Nouembris,
752 453 865 499 quas
895 436 990 483 heri
1025 437 1280 500 accepimus
1309 453 1414 483 cum
1446 436 1584 483 literis
1616 437 1874 501 quadrime-

243 509 427 556 stribus.
459 508 622 555 Alium
653 526 764 556 vero
795 509 1085 569 fasciculum,
1118 527 1198 572 per
1223 510 1286 558 D.
1312 510 1532 556 Alexium
1563 511 1635 557 vel
1666 510 1840 558 Sari-ate
1859 511 1874 537 ¹

246 584 463 641 missum,
496 584 701 647 quotidie
744 595 1053 647 expectamus.
1093 584 1199 631 Has
1240 601 1425 649 quoque
1458 596 1688 648 presentes
1727 585 1876 632 literas

246 658 348 704 loco
391 658 794 721 quadrimestrium
835 658 993 705 haberi
1034 669 1248 722 possunt,
1289 675 1422 722 spero
1464 670 1617 705 autem
1663 660 1876 722 proximo

248 749 401 779 mense
426 748 499 778 me
523 732 606 778 alia
635 749 751 796 eque
781 732 902 778 bona
924 733 1224 795 scripturum,
1249 744 1294 778 et
1324 731 1477 779 forsan
1500 733 1639 796 longe
1670 733 1875 790 meliora3

248 821 391 869 vrgeo
417 805 540 852 enim
565 805 710 851 multa
734 823 788 852 eo
815 817 1042 869 pretextu,
1069 806 1196 870 quod
1221 806 1349 852 breui
1366 807 1511 852 iturus
1527 812 1637 852 sum'
1657 807 1876 865 Romam,

246 890 293 926 et
316 897 390 926 me
413 896 576 943 cupere
601 880 755 926 omnia
778 897 872 926 esse
895 880 1111 943 expedita
1135 891 1238 926 ante
1264 879 1511 926 discessum
1548 896 1729 937 meum,
1753 880 1879 944 quod

250 954 332 1000 nisi
358 952 583 1013 fecissem,
608 953 743 1000 etiam
772 954 938 1000 domus
963 954 1167 1016 predicta
1193 953 1400 1000 nondum
1426 951 1547 1000 forte
1570 965 1725 1017 empta
1747 965 1878 1001 esset.

250 1027 442 1073 Interim
471 1027 851 1073 commendamus
886 1044 968 1073 nos
1000 1037 1245 1091 nostraque
1275 1027 1429 1073 omnia
1460 1027 1742 1074 orationibus
1781 1044 1882 1074 san-

246 1101 421 1164 ctisque
454 1101 672 1148 sacrifitiis
704 1102 878 1148 vestriS.
913 1102 1106 1165 Raptim
1136 1101 1330 1148 Louanii
1362 1117 1425 1163 30
1456 1102 1729 1154 Decembris
1757 1119 1878 1149 anno

256 1176 392 1237 1556.
419 1176 537 1223 Rde.
565 1176 618 1224 P.
645 1176 705 1223 V.
730 1192 891 1222 seruus
917 1176 963 1222 in
988 1177 1214 1235 Domino,

769 1268 1042 1314 ADRIANUS
1067 1269 1300 1314 ADRIANI
1326 1266 1382 1313 ab
1405 1267 1681 1331 Antuerpia.

315 1378 567 1440 Inscriptio:
605 1378 637 1438 -ζ-
665 1378 787 1424 Rdo.
815 1378 862 1424 in
886 1379 970 1424 X.⁰
997 1377 1135 1435 Patri,
1161 1377 1312 1425 Mtro.
1338 1377 1516 1438 Jacobo
1542 1377 1739 1440 Laneys,
1765 1377 1882 1424 vica-

250 1451 318 1497 rio
343 1451 540 1515 generali
565 1451 797 1498 Societatis
823 1452 953 1512 Jesu,
978 1451 1102 1516 apud
1126 1451 1169 1498 S.
1195 1451 1435 1509 Marcum,
1461 1451 1506 1497 in
1530 1452 1619 1498 Sta.
1649 1451 1802 1498 Maria
1825 1451 1883 1498 de

249 1526 427 1573 Strada.
453 1525 648 1574 Romae.
675 1525 865 1573 Franco.
891 1527 1001 1573 Alia
1025 1542 1174 1573 manu.-
1209 1526 1307 1573 R.ta
1331 1525 1403 1572 alli
1428 1525 1455 1571 6
1481 1525 1527 1572 di
1553 1525 1778 1573 GennaiO.

1000 1719 1028 1752 1
1037 1718 1105 1752 24
1112 1718 1139 1753 ’ἵ

809 1813 1090 1851 PETRONIUS
1120 1812 1338 1850 ZANELLI

571 1907 782 1954 PATRI
817 1908 1070 1968 JOANNI
1107 1908 1202 1954 DE
1237 1907 1562 1954 POLANCO

693 2012 920 2039 RATISBONA
949 2014 995 2052 31
1028 2013 1260 2040 DECEMBms
1291 2001 1393 2051 1556
1421 1994 1474 2038 Ἣ

332 2107 502 2144 Teneros
521 2107 724 2154 significat,
746 2118 843 2154 quos
863 2111 1042 2154 expertus
1062 2111 1130 2154 est,
1151 2117 1286 2144 sensus
1306 2107 1345 2143 in
1365 2107 1473 2143 obitu
1492 2106 1642 2153 Ignatii,
1660 2105 1798 2151 Olavii‚

327 2170 330 2172 “
460 2170 698 2216 aliorumque
717 2170 790 2205 sibi
812 2170 1247 2208 carorum—Damnum
1268 2170 1321 2205 rei
1342 2169 1543 2205 familiaris
1563 2169 1679 2204 dolet.

319 2273 480 2320 Molto
515 2274 619 2321 R.<10
650 2273 796 2320 Padre
827 2274 1113 2323 honorando.
1148 2275 1259 2321 Non
1292 2274 1439 2338 potrei
1475 2273 1590 2320 cossi
1627 2272 1885 2319 facilmente

254 2348 351 2395 dire
376 2348 416 2394 el
440 2347 587 2395 dolor'
605 2348 687 2394 che
711 2349 772 2395 ho
797 2349 843 2395 di
870 2349 1089 2396 continuo
1113 2348 1229 2396 della
1251 2360 1378 2395 santa
1396 2347 1616 2394 memoria
1634 2346 1707 2394 del
1735 2347 1883 2393 Padre

255 2423 436 2486 Ignatio
472 2433 517 2468 et
554 2422 583 2469 il
621 2423 792 2469 dottor'
813 2423 991 2480 Olauia,
1016 2423 1134 2487 quali
1171 2440 1309 2470 erano
1344 2422 1384 2469 el
1421 2422 1515 2468 mio
1544 2419 1771 2477 conforto,
1802 2420 1885 2466 che

256 2513 434 2560 sempre
459 2497 547 2543 mai
573 2513 629 2543 ne
651 2499 752 2543 sero
778 2497 1052 2555 ricordeuol,
1076 2497 1419 2544 consolandomi
1442 2497 1525 2543 che
1549 2496 1675 2542 siano
1699 2495 1745 2542 in
1770 2494 1883 2542 cielo

256 2588 282 2617 a
307 2571 487 2634 godersi
511 2571 659 2635 quella
685 2571 778 2618 vita
804 2583 956 2619 eterna
979 2573 1037 2620 da
1053 2573 1134 2619 essi
1159 2570 1536 2619 desideratissima
1553 2579 1692 2627 tanta,
1711 2569 1883 2615 hauen-

255 2645 357 2692 doci
388 2645 536 2691 lassati
569 2645 675 2692 nuoi
709 2645 808 2692 altri
841 2646 940 2692 nela
970 2645 1102 2693 barca
1139 2646 1254 2693 delle
1295 2645 1471 2692 miserie
1505 2643 1534 2691 ³.
1575 2643 1688 2690 Non
1721 2642 1886 2690 dubito

312 2798 327 2824 ¹
383 2800 560 2847 Intellige
580 2799 761 2836 Alexium
780 2799 956 2837 Fontana
976 2803 1013 2837 et
1031 2800 1186 2836 Petrum
1215 2800 1262 2836 de
1293 2799 1450 2845 Zarate‚
1471 2808 1633 2845 quorum
1653 2796 1885 2834 mentionem

258 2871 375 2908 supra
396 2861 569 2898 fecimus.

311 2920 328 2945 2
382 2922 439 2958 Ex
457 2923 697 2969 autographo
718 2922 756 2958 in
777 2923 853 2959 vol.
874 2922 915 2969 F,
936 2923 1051 2959 unico
1072 2922 1179 2969 folio,
1200 2933 1236 2959 n.
1261 2923 1350 2969 328,
1373 2922 1480 2968 prius
1499 2922 1589 2968 384.

313 2983 328 3009 ³
383 2987 616 3032 Agnoverat,
638 2989 679 3021 ut
699 2986 862 3031 videtur,
887 2986 1010 3022 bonus
1030 2985 1176 3022 Zanelli
1191 2986 1272 3032 jam
1299 2985 1446 3031 pridem
1472 2983 1674 3031 Ignatium‚
1701 2981 1888 3018 maxime-

259 3058 334 3094 que
355 3048 544 3094 Olavium‚
566 3057 773 3094 eorumque
793 3048 973 3084 virtutem
993 3048 1203 3084 demiratus
1226 3047 1359 3084 fuerat.
1380 3046 1646 3083 Reverentiam
1661 3048 1698 3081 et
1718 3053 1888 3081 amorem

260 3099 352 3157 erga
380 3110 486 3156 illos,
515 3121 591 3146 non
617 3110 807 3146 immerito
828 3110 1023 3157 judicabis
1052 3110 1285 3146 cardinalem
1319 3109 1499 3146 Ottonem
1524 3107 1735 3144 Truchsess
1765 3105 1891 3142 eidem
