2008 3510
721 241 768 281 23
800 229 1045 269 Novssmms
1078 242 1093 268 1
1102 230 1180 281 556
1636 244 1712 283 525

129 335 212 381 che
234 335 397 398 palazo
420 335 620 382 comodo
644 335 704 382 da
732 335 912 398 poterui
936 334 1144 382 collocar’
1168 335 1196 382 il
1230 336 1442 400 collegio,
1476 337 1521 383 in
1554 354 1656 384 caso
1684 338 1770 384 che

130 425 176 455 se
198 408 372 455 uolesse
397 408 578 467 ritirar’‚
599 408 660 455 ho
685 420 869 456 trouato
893 409 976 456 che
995 410 1182 457 dariano
1207 411 1290 457 essi
1314 411 1548 458 comodita
1567 412 1624 459 de
1644 411 1769 458 habi-

130 483 321 539 tatione,
349 482 444 528 letti
476 493 522 528 et
552 483 800 529 massaritie
826 500 913 546 por
939 498 1000 530 20
1022 500 1051 530 o
1080 498 1135 545 25
1162 500 1355 546 persone
1379 484 1451 531 del
1484 485 1700 549 collegio,
1726 499 1771 532 et

128 559 185 603 de
226 557 306 620 piu
347 556 432 602 che
475 556 664 602 dariano
706 556 975 604 habitation'
1009 558 1188 616 buona,
1228 559 1496 615 masseritie,
1531 560 1769 623 mangiar’,

129 631 299 689 beuer’,
343 642 387 677 et
421 631 580 676 ‘uestit’
618 648 699 693 per
739 650 771 690 4
811 630 929 678 della
967 631 1273 695 Compagnia.
1313 632 1483 679 Vostra
1523 650 1772 680 reuerenza

129 706 262 768 potra
293 705 469 768 pensar'
505 722 551 750 se
581 705 627 751 ui
658 705 682 751 ἐ
713 722 816 752 cosa
847 722 871 751 a
901 706 1001 751 loro
1036 705 1289 769 proposito,
1332 706 1530 752 maxime
1571 708 1772 754 uolendo

129 779 324 827 diuider’
346 779 386 825 le
418 795 610 842 persone
640 779 712 826 del
740 779 954 844 collegio,
989 797 1036 826 se
1066 790 1229 844 questo
1253 780 1314 844 gli
1350 780 1538 826 seruiria
1568 798 1650 844 per
1681 799 1771 828 una

128 855 277 911 classe,
302 854 386 900 che
409 854 466 901 de
491 854 518 900 li
542 872 575 913 4
598 854 795 901 crederei
820 853 940 901 fosse
964 854 1052 901 ben
1077 853 1208 911 fatto,
1234 855 1403 918 perche
1436 855 1591 900 hanno
1612 855 1625 880 ¹
1655 856 1768 902 desi-

130 929 281 987 derio,
322 941 367 975 et
406 946 457 974 so
494 929 576 975 che
622 929 837 975 cresceria
875 929 919 975 in
968 929 1113 975 molto
1151 928 1342 992 magior’
1390 945 1605 986 numero,
1652 942 1696 975 et
1742 931 1769 976 li

130 1002 304 1049 fariano
329 1019 509 1066 sempre
533 1003 572 1048 le
596 1019 723 1066 spese
747 1003 792 1049 d’
812 1003 923 1066 ogni
945 1019 1071 1061 cosa,
1095 1015 1140 1049 et
1165 1020 1210 1049 se
1240 1003 1614 1067 guadagnariano
1639 1004 1769 1050 molti

129 1076 312 1123 subietti
338 1076 495 1133 buoni,
515 1088 560 1122 et
584 1077 769 1122 seruiria
793 1094 876 1140 per
901 1077 1097 1123 hosteria
1120 1077 1177 1124 de
1202 1076 1340 1141 quelli
1359 1077 1460 1124 dela
1481 1077 1771 1141 Compagnia

129 1152 211 1198 che
237 1168 445 1214 passano.
473 1151 519 1196 Si
545 1151 628 1197 che
646 1151 772 1214 pensi
791 1163 836 1197 et
861 1152 922 1197 m'
943 1151 1067 1208 auisi,
1092 1151 1175 1198 che
1194 1152 1239 1197 in
1258 1163 1421 1215 questo
1441 1168 1608 1198 mezzo
1624 1163 1771 1198 atten-

129 1227 241 1272 dero
273 1243 296 1271 a
327 1227 497 1272 trouar‘
534 1225 714 1289 qualch'
749 1226 862 1272 altra
895 1243 998 1272 cosa
1031 1242 1111 1289 per
1144 1226 1331 1272 seruitio
1366 1226 1422 1272 de
1457 1226 1552 1271 Dio
1589 1238 1634 1272 et
1671 1221 1771 1272 dela

131 1300 444 1363 Compagnia,
478 1299 562 1345 alla
600 1299 732 1363 quale
766 1316 851 1346 con
893 1311 1016 1346 tutto
1052 1299 1081 1345 il
1123 1300 1249 1346 cuor’
1284 1316 1358 1345 me
1394 1299 1696 1346 raccomando
1726 1311 1772 1346 et

129 1373 275 1420 offero
295 1373 323 1420 2.
350 1374 412 1420 Di
450 1374 619 1437 Spoleti
644 1374 672 1419 li
703 1389 758 1434 23
789 1373 886 1434 9.¹³¹0
918 1375 1054 1436 1556.
1085 1373 1232 1420 Come
1266 1391 1400 1421 seruo
1433 1386 1478 1420 et
1513 1374 1686 1438 figiiolo
1723 1375 1771 1421 in

132 1448 332 1504 Christo,

1371 1523 1572 1570 G1GL10.

195 1632 450 1694 Inscriptio:
478 1630 542 1676 Al
571 1630 692 1678 Rd0.
725 1630 873 1677 Padre
902 1630 1050 1677 Mtro.
1080 1631 1324 1678 Giouanne
1348 1631 1406 1677 de
1433 1630 1649 1689 Polanco,
1676 1630 1772 1676 mio

72 1773 74 1775 ‚
131 1706 416 1753 honorando.
458 1706 626 1753 Roma.
664 1706 774 1752 Alia
810 1721 958 1752 manu:
1000 1705 1063 1751 Di
1108 1705 1378 1768 monsignor
1423 1705 1661 1751 Thomase
1698 1703 1769 1751 del

132 1780 304 1843 Giglio.
335 1781 431 1827 RF
455 1797 480 1826 a
504 1794 561 1841 27
588 1779 662 1827 del
688 1779 954 1827 medesimO.

186 1943 199 1969 ¹
257 1945 330 1981 Ms.
353 1942 399 1983 ri
415 1942 539 1983 hano.

184 2004 201 2030 2
255 2007 361 2043 Haec
381 2007 529 2053 liquido
549 2007 819 2053 intelliguntur
840 2017 887 2042 ex
907 2006 979 2051 his,
1002 2016 1099 2052 quae
1121 2006 1237 2042 tradit
1255 2006 1464 2051 POLANCO‚
1481 2010 1508 2043 t.
1524 2015 1582 2051 vl,
1600 2016 1687 2051 pag.
1706 2016 1768 2052 70,

130 2080 168 2106 n.
191 2079 279 2116 219,
302 2079 391 2106 220:
417 2069 537 2105 «Cum
558 2069 660 2105 enim
680 2069 720 2105 P.
740 2068 961 2105 Vicarius...
984 2072 1110 2103 mente
1130 2072 1311 2104 tractaret
1331 2069 1453 2115 quod,
1475 2068 1587 2104 bellis
1608 2068 1647 2103 in
1665 2067 1770 2103 Urbe

132 2137 168 2168 et
187 2143 306 2179 prope
327 2132 434 2168 illam
461 2132 815 2178 perseverantibus,
838 2131 1036 2178 expediret
1061 2131 1235 2167 fortassis
1262 2131 1485 2177 collegiales
1513 2141 1694 2167 romanos
1721 2132 1769 2166 ad

132 2195 211 2230 alia
240 2195 327 2230 loca
355 2195 403 2231 ad
428 2198 579 2241 tempus
609 2194 830 2239 transferre,
858 2193 1074 2240 intelligere
1102 2193 1225 2229 voluit
1253 2204 1278 2229 a
1304 2194 1460 2229 domino
1481 2192 1629 2229 Thoma
1655 2192 1768 2237 Lilio,

130 2259 268 2301 postea
287 2254 482 2301 Episcopo
511 2255 677 2302 Sorano,
700 2255 764 2302 qui
791 2255 942 2301 Spoleti
968 2259 1060 2290 tunc
1084 2255 1323 2301 versabatur,
1351 2265 1442 2290 num
1472 2255 1510 2289 in
1542 2265 1587 2290 ea
1613 2254 1769 2290 clvitate

132 2323 197 2355 aut
228 2319 358 2366 aliqua
389 2329 436 2355 ex
462 2319 602 2355 vicinis
633 2320 772 2355 domus
804 2317 934 2364 aliqua
965 2318 1166 2354 commode
1200 2317 1364 2354 inveniri
1396 2321 1538 2364 posset,
1572 2318 1620 2352 ad
1653 2326 1769 2362 quam

133 2381 358 2427 collegiales
379 2381 541 2426 romani,
570 2381 603 2417 si
631 2391 728 2427 opus
758 2385 872 2425 esset,
895 2380 1059 2427 migrare
1084 2385 1283 2427 possent...
1304 2380 1401 2417 Cum
1428 2384 1556 2415 tamen
1583 2379 1771 2415 tumultus

132 2444 294 2479 bellicus
318 2443 388 2479 sub
410 2443 499 2479 anni
520 2443 634 2479 finem
662 2442 961 2489 conquievisset,
994 2453 1064 2478 nec
1093 2443 1316 2489 collegiales
1343 2447 1449 2478 extra
1473 2442 1634 2477 Romam
1660 2441 1768 2477 missi

133 2510 273 2552 essent,
294 2517 340 2542 ne
360 2506 435 2542 hoc
455 2506 610 2552 quidem
627 2505 779 2542 initium
799 2504 952 2551 collegii
975 2504 1186 2541 admissum
1204 2508 1297 2541 est.»
1317 2504 1520 2541 Caeterum
1534 2503 1654 2539 Dnus.
1669 2502 1768 2539 Tho-

132 2579 214 2605 mas
232 2568 356 2605 Lilius
379 2579 450 2604 ‹ex
469 2568 728 2615 praecipuis...
750 2572 831 2604 erat
851 2567 1037 2604 ministris
1059 2567 1276 2604 Cardinalis
1297 2566 1482 2612 Farnesii‚
1512 2569 1548 2601 et
1569 2566 1614 2600 de
1636 2565 1767 2602 Socie-

134 2634 214 2666 tate
235 2631 331 2667 bene
351 2631 549 2668 meritus».
571 2627 680 2668 Ibid.
