2066 3516
313 275 385 314 152
774 262 1011 301 EmsroLAE
1038 262 1264 301 MIX'TAE—
1273 275 1373 314 1079

250 370 517 417 ditissimus.
562 369 776 429 Johanna
816 367 1075 415 Brouchost
1103 380 1349 433 nostraque
1387 368 1558 417 familia
1588 382 1686 417 tota
1721 371 1782 419 D.
1828 371 1893 419 T.

251 444 463 491 salutant.

316 516 545 564 Cubiculo
586 533 712 575 meo,
747 517 845 580 ipso
878 516 951 564 die
992 516 1303 575 Pantaleonis‚
1345 519 1494 582 recepi
1537 519 1584 565 in
1624 519 1892 567 conuictum

252 608 430 649 meum,
455 590 599 637 filium
633 591 814 638 comitis
847 608 872 637 a
903 591 1095 650 Moers,
1130 591 1208 647 qui
1239 591 1429 656 singulis
1461 593 1702 640 dominicis
1726 593 1897 641 diebus

249 665 576 723 communicat,
594 666 819 731 juuenem
844 665 1009 728 viginti
1033 682 1280 713 annorum.
1317 680 1451 729 1555.
1480 668 1631 727 Tuus,

608 756 828 803 THoMAs
863 756 980 803 Bms
1014 756 1050 813 ¹,
1087 755 1319 803 confrater
1342 768 1388 804 et
1410 760 1756 822 compresbiter.

314 865 479 911 Eadem
510 882 662 923 manu,
691 866 754 911 ad
778 882 897 912 oram
919 868 1135 929 paginae:
1175 865 1391 930 Proprias
1423 867 1571 914 literas
1602 869 1664 918 D.
1700 870 1894 918 Thome

245 938 354 985 Buis
379 939 609 986 Viennam
634 940 690 987 ad
719 941 769 987 P.
799 940 1036 987 Canisium
1063 940 1176 987 misi.

311 1015 356 1060 A
378 1025 512 1078 tergo,
537 1015 680 1062 eadem
704 1032 858 1062 manu:
887 1015 1034 1079 Copia
1058 1015 1294 1062 literarum
1319 1016 1524 1080 magistri
1548 1016 1736 1064 Thome
1760 1018 1893 1077 Buis,

244 1090 447 1136 canonici
479 1090 867 1154 nouiomagensiS,
899 1091 1046 1137 vicem
1076 1090 1232 1138 decani
1265 1092 1486 1155 gerentis,
1519 1092 1806 1157 Nouiomagi
1832 1094 1891 1140 ad

245 1180 330 1210 nos
353 1164 534 1227 scripta.

299 1355 311 1380 ¹
367 1357 424 1393 De
453 1357 528 1394 hoc
552 1357 635 1393 viro
663 1361 782 1403 agunt
808 1354 944 1407 Epist.
971 1354 1160 1403 Mutae,
1191 1362 1219 1395 t.
1258 1366 1324 1403 IV,
1352 1369 1439 1404 pag.
1475 1358 1661 1406 512-516.
1692 1358 1894 1395 POLANCO

244 1420 360 1456 etiam
386 1423 411 1456 t.
439 1428 496 1465 1V,
523 1430 609 1465 pag.
641 1428 732 1466 275,
763 1419 992 1466 276.-Qui
1019 1420 1193 1466 quidem,
1222 1431 1309 1466 pag.
1339 1430 1439 1467 274,
1468 1431 1689 1457 sermonem
1718 1420 1811 1457 facit
1837 1422 1884 1456 de

243 1483 412 1528 quodam
434 1481 510 1517 alio
530 1481 636 1526 Mag.
655 1480 816 1518 Thoma.
840 1480 982 1517 Scribit
1005 1482 1119 1527 enim,
1141 1492 1177 1519 n.
1200 1482 1290 1529 589:
1315 1482 1483 1518 «Sextus
1510 1492 1551 1518 se
1579 1482 1761 1529 adjunxit
1781 1482 1886 1528 Mag,

243 1545 425 1590 Thomas,
448 1544 660 1580 canonicus
680 1544 797 1580 etiam
817 1545 1144 1591 noviomagensis,
1161 1546 1239 1592 qui,
1255 1549 1297 1581 ut
1317 1549 1410 1581 tunc
1433 1546 1662 1592 magistrum
1679 1546 1889 1582 Henricum

242 1607 475 1654 Dionysium
500 1608 540 1643 in
566 1606 762 1644 Societate
794 1607 972 1643 adeunda
996 1612 1183 1654 sequutus
1213 1612 1290 1654 est,
1319 1611 1356 1644 et
1385 1608 1423 1644 in
1460 1608 1596 1644 itinere
1625 1609 1820 1645 Viennam
1851 1614 1888 1645 et

244 1671 383 1707 deinde
403 1671 564 1706 Romam
590 1681 725 1706 versus
745 1670 1001 1716 conficiendo,
1021 1670 1171 1706 utinam
1190 1672 1306 1707 etiam
1329 1672 1367 1707 in
1398 1671 1687 1718 perseverantia
1714 1671 1892 1708 imitatus

244 1731 415 1770 fuisseti»
434 1734 508 1770 Hic
524 1733 732 1780 aliquando
749 1744 836 1769 cum
855 1733 1005 1769 Thoma
1025 1733 1117 1770 Buis
1138 1733 1322 1770 confusus
1344 1739 1417 1777 est,
1436 1735 1488 1770 de
1505 1743 1581 1780 quo
1603 1734 1656 1769 ait
1676 1734 1889 1780 POLANCO,

244 1794 351 1843 ibid,
386 1807 421 1832 n.
459 1805 553 1844 594:
591 1797 787 1832 «Vocatus
822 1800 878 1832 est
910 1792 1077 1847 [Kessel]
1109 1808 1131 1832 a
1161 1797 1351 1833 canonico
1386 1808 1440 1833 ex
1475 1797 1709 1843 senioribus,
1732 1796 1891 1832 nomine

245 1860 350 1906 Mag.
371 1860 522 1896 Thoma
541 1860 645 1904 Buis,
724 1860 889 1896 accessit
909 1870 954 1895 eo
977 1863 1097 1896 mater
1116 1860 1156 1897 P.
1176 1860 1332 1896 Henrici
1352 1859 1542 1906 Dionysii
1563 1863 1600 1895 et
1621 1864 1745 1895 mater
1765 1859 1888 1895 Theo-

246 1923 367 1959 dorici
384 1923 531 1960 Canisii
553 1933 640 1958 cum
660 1932 791 1959 sorore
807 1922 911 1969 Mag.
927 1923 1111 1968 Thomae‚
1129 1933 1228 1969 quae
1249 1927 1286 1959 et
1306 1923 1345 1960 P.
1362 1923 1568 1959 Leonardo
1587 1922 1770 1959 confessa
1790 1926 1888 1959 est.»

245 1986 351 2032 Jam,
373 1987 405 2023 si
425 1996 524 2022 unus
545 1986 724 2032 idemque
745 1990 819 2032 est,
842 1990 879 2022 et
899 1986 1110 2022 canonicus
1131 1987 1318 2032 epistolae
1340 1991 1476 2022 auctor
1498 1990 1534 2022 et
1554 1987 1635 2033 qui,
1657 1986 1695 2022 in
1716 1985 1890 2022 Societa-

247 2054 324 2086 tem
346 2050 559 2095 ingressus,
581 2049 620 2084 in
641 2059 686 2084 ea
705 2059 781 2085 non
802 2059 1071 2094 perseverasse
1090 2049 1324 2095 perhibetur,
1349 2049 1558 2085 dicendum
1579 2052 1639 2085 est
1660 2048 1769 2084 illum
1791 2048 1891 2084 nihi‹

247 2113 416 2148 lominus
437 2112 640 2148 retinuisse
658 2122 810 2157 semper
834 2111 1003 2147 animum
1025 2122 1115 2157 erga
1135 2115 1327 2147 nostrates
1347 2111 1590 2156 benevolum,
1610 2115 1655 2147 ut
1677 2121 1725 2147 ex
1746 2110 1891 2157 episto-

247 2175 295 2211 lis
324 2178 444 2221 patet,
474 2174 596 2210 Nobis
626 2183 717 2209 vero
742 2183 842 2209 unus
870 2173 1049 2219 idemque
1075 2183 1158 2209 esse
1190 2183 1268 2209 non
1300 2173 1462 2210 videtur.
1495 2184 1526 2211 1.
1558 2172 1658 2220 Quia
1690 2183 1888 2219 nusquam

247 2236 434 2273 hactenus
466 2235 715 2272 candidatum
746 2235 855 2271 illum
886 2235 1111 2282 societatis,
1144 2235 1488 2281 noviomagensem
1521 2235 1777 2280 canonicum,
1812 2234 1891 2270 hoo

249 2299 482 2345 cognomine
503 2295 611 2336 Buz's
631 2298 815 2344 appellari
836 2298 1011 2344 legimus.
1036 2310 1071 2336 2.
1089 2298 1188 2345 Quia
1208 2298 1248 2333 in
1269 2298 1433 2344 epistola
1454 2297 1579 2334 Patris
1598 2297 1750 2342 Kessel‚
1772 2307 1888 2343 quam

250 2361 342 2398 alibi
369 2361 578 2406 edidimus,
600 2357 700 2398 Litt.
730 2356 910 2407 Quadr„
938 2364 964 2396 t.
985 2369 1050 2406 111,
1072 2371 1160 2406 pag.
1185 2361 1378 2407 189-192,
1407 2360 1446 2396 in
1467 2370 1544 2406 qua
1564 2360 1730 2406 legimus
1750 2359 1893 2396 Kesse-

249 2426 345 2462 lium
365 2425 519 2462 evocari
542 2436 564 2461 a
583 2424 771 2461 canonico
790 2424 940 2460 Thoma
960 2424 1064 2470 Buis,
1087 2434 1174 2459 cum
1194 2424 1290 2459 haec
1310 2423 1483 2468 dixisset,
1506 2422 1641 2468 paucis
1662 2421 1886 2469 interjectis,

250 2488 413 2524 addidit:
436 2487 547 2524 «Non
567 2486 679 2522 facile
701 2485 893 2531 explicare
913 2496 1084 2531 possum,
1106 2489 1294 2532 quantum
1315 2484 1460 2520 fructus
1482 2483 1696 2530 spiritualis
1717 2483 1891 2519 attulerit

251 2549 628 2596 Nouiomagensibus
655 2548 782 2584 abitus
808 2547 911 2594 Mag.
937 2547 1133 2585 Henrici...
1161 2551 1198 2583 et
1223 2546 1403 2592 Magistri
1429 2546 1623 2592 Thomae‚
1645 2546 1719 2592 sic,
1742 2545 1890 2581 relictis

253 2613 446 2658 omnibus,
467 2612 662 2649 Christum
681 2611 890 2647 Dominum
910 2612 1119 2657 sequendo.
1142 2610 1286 2646 Omnes
1307 2609 1408 2645 enim
1429 2609 1503 2645 hoo
1523 2609 1701 2655 exemplo
1721 2608 1890 2644 maxime

255 2674 447 2711 aedificati
474 2679 580 2720 sunt,
602 2678 639 2710 et
664 2673 818 2719 plurimi
841 2683 973 2709 eorum
994 2673 1213 2720 exemplum
1240 2676 1427 2708 conantur
1453 2672 1634 2708 imitari.»
1658 2671 1765 2719 Quae
1786 2674 1888 2707 certe

254 2737 331 2773 dici
359 2741 451 2789 apte·
474 2747 551 2772 non
575 2740 736 2783 possent
761 2736 800 2772 in
822 2736 955 2772 eadem
979 2736 1143 2782 epistola
1169 2735 1216 2771 de
1242 2735 1308 2780 iis,
1331 2735 1395 2781 qui
1418 2734 1650 2770 canonicum
1670 2734 1846 2770 viderent
1866 2743 1890 2768 a

253 2811 324 2838 suo
344 2801 543 2847 proposito
565 2800 818 2836 deficientem.
