2008 3510
246 230 324 269 622
712 225 948 265 ΕΡῙετοιΑΕ
976 225 1198 265 MIxTAE—
1205 238 1221 265 1
1229 238 1304 278 253

193 334 409 398 impensis
433 331 662 396 pollicitus
686 342 767 389 est,
800 330 1018 395 dabitque
1049 331 1199 394 plura,
1231 331 1434 395 quando,
1466 331 1650 396 adjutus
1679 332 1833 379 divina

195 409 359 473 gratia,
379 418 473 453 tam
500 406 682 470 egregie
704 406 866 469 coepit.
894 404 1128 468 Elargitus
1153 416 1220 452 est
1241 406 1376 452 etiam
1404 422 1526 452 nunc
1551 405 1684 453 nobis
1704 407 1833 453 meti·

194 481 394 528 mnensis
410 480 608 544 populus
623 477 843 526 frumenti
863 496 1098 526 mensuras
1112 480 1430 544 quadraginta,
1442 480 1607 528 deinde
1627 497 1684 527 ex
1707 481 1835 544 pine—

195 556 250 602 tis
276 556 398 619 ligna
417 553 650 611 nonnulla,
678 569 877 617 quorum
900 553 970 600 hic
987 550 1155 617 'magna
1180 555 1371 617 penuria
1397 554 1645 613 laboratur,
1672 571 1835 619 quam-

193 629 262 675 vis
299 629 386 675 hoc
422 639 631 692 ternpore
666 626 809 674 fames
852 628 995 691 magis
1025 638 1071 674 et
1112 645 1292 674 annona
1332 641 1560 691 premant.
1604 628 1835 693 Denique,

195 703 321 767 quod
362 703 419 750 ad
465 718 732 766 corpoream
783 702 973 749 salutem
1016 714 1206 766 spectat,
1246 713 1365 750 recte
1412 703 1618 750 valemus
1661 720 1835 761 omnes,

194 778 367 824 etiamsi
392 789 493 824 tum
518 793 724 823 annonae
748 793 796 823 ac
821 775 975 835 famis,
1002 794 1117 841 quae
1141 777 1210 823 his
1234 777 1342 824 locis
1373 794 1465 824 non
1489 794 1653 841 parum
1685 789 1836 841 urget,

195 862 295 898 tum
320 851 454 898 etiam
481 850 736 897 italicorum
762 850 1064 908 tumultuum,
1090 852 1184 897 imo
1208 852 1427 898 atrocium
1452 851 1692 909 bellorum,
1718 868 1833 915 quo-

195 942 299 971 rum
325 919 447 971 fama
471 925 678 989 quotidie
695 924 839 988 magis
857 925 1163 984 increbrescit,
1183 937 1229 972 et
1254 925 1443 972 Patrum
1463 937 1742 982 nostrorum,
1758 926 1837 989 qui

196 1000 252 1046 ad
293 999 546 1062 capitulum
579 1011 832 1063 coguntur,
867 1000 1085 1047 discessus
1117 1017 1165 1048 ac
1198 999 1494 1064 profectionis
1526 1018 1649 1059 cura,
1682 1001 1840 1046 anxios

198 1090 280 1119 nos
305 1090 353 1119 ac
377 1073 591 1119 sollicitos
615 1083 781 1120 teneat.
809 1074 939 1120 Deus
965 1074 1036 1120 ille
1060 1091 1269 1121 summus
1294 1075 1362 1121 his
1386 1075 1601 1121 omnibus
1624 1075 1840 1138 dignetur

198 1148 480 1211 prospicere,
515 1159 671 1212 teque,
707 1147 843 1194 Pater
876 1148 921 1194 in
958 1148 1145 1196 Christo
1176 1166 1395 1213 perquam
1431 1149 1640 1206 colende,
1677 1149 1722 1195 in
1756 1148 1839 1205 his,

198 1239 313 1286 quae
349 1223 496 1286 magis
527 1223 583 1269 ad
609 1222 705 1287 ejus
735 1222 911 1269 cultum
937 1221 1084 1270 facere
1114 1223 1372 1283 videantur,
1403 1223 1654 1270 felicissime
1677 1234 1837 1270 servet.

202 1296 459 1342 Metimnae
486 1295 668 1358 Campi,
700 1308 828 1342 sexto
858 1297 1064 1344 calendas
1088 1295 1338 1344 februarias
1369 1310 1501 1359 1557.
1537 1297 1673 1343 Tuus
1705 1295 1838 1342 mini—

200 1387 302 1416 mus
327 1372 372 1416 in
401 1369 587 1416 Christo
613 1370 745 1426 filius,

990 1445 1221 1506 JoANNEs
1260 1446 1642 1493 FERomANDus.

266 1574 519 1635 Inscriptio:
546 1572 645 1632 Jhs.
676 1571 779 1619 R.d0
806 1571 850 1617 in
875 1572 1000 1635 Xpo.
1031 1573 1170 1630 Patri,
1196 1573 1268 1620 M.
1295 1573 1470 1634 Jacobo
1490 1572 1693 1636 Laynez,
1719 1572 1838 1618 vica-

200 1647 268 1693 rio
294 1647 531 1693 Societatis
554 1646 663 1706 Jhu.
694 1645 885 1692 Romae.
