2008 3510
306 260 382 298 686
770 258 1002 297 Emsromss
1033 259 1361 299 Momm-1282

252 366 456 411 bonitate
481 363 737 428 profectum
764 375 831 411 est
855 381 947 411 non
973 364 1281 423 mediocriter;
1309 365 1586 429 quandoque
1612 374 1764 411 autem
1791 381 1878 411 vna

251 440 408 486 eadem
435 449 568 485 nocte
593 438 705 485 duas
731 449 810 484 aut
835 449 942 495 tres,
968 455 1130 502 easque
1155 438 1377 496 diuersas,
1403 439 1656 496 conciones,
1679 455 1773 485 vno
1797 438 1879 485 sci-

252 514 351 559 licet
384 513 428 559 in
459 530 633 559 carcere
665 529 827 570 vnam,
861 513 903 558 in
942 512 1082 558 altero
1114 512 1298 558 alteram
1332 512 1583 570 habebam;
1615 512 1727 559 liber
1757 513 1876 559 enim

250 599 318 634 est
341 588 488 634 aditus
513 588 568 634 ad
594 587 705 646 illas,
732 604 843 652 quas
867 587 927 633 ob
953 604 1022 633 res
1046 587 1192 632 mauri
1222 603 1499 651 magnopere
1523 587 1880 634 commoneban-

250 673 338 719 tur,
365 663 580 720 dicentes,
605 678 804 725 quonam
834 662 973 707 modo
998 660 1091 707 fieri
1114 673 1278 724 posset,
1300 673 1353 708 vt
1373 678 1459 726 ego
1478 662 1595 708 inter
1619 661 1717 708 illos
1740 661 1877 709 fidem

251 737 425 784 Christi
451 738 756 800 praedicarem
782 753 948 800 eosque
973 735 1243 782 christianos
1261 753 1354 783 esse
1375 753 1684 800 procurarem,
1710 736 1803 800 qui,
1829 747 1880 783 ut

250 829 517 858 maurorum
568 812 717 875 legem
764 822 1083 875 sequerentur,
1134 811 1223 858 huc
1272 811 1526 859 ueniebant.
1578 812 1681 858 Deo
1727 822 1879 858 tamen

249 885 453 944 fauente,
479 903 639 932 rumor
664 886 745 932 iste
771 886 953 933 sedatus
978 897 1066 942 est3
1100 902 1247 949 neque
1273 886 1355 949 ipsi
1383 897 1540 949 postea
1564 884 1729 932 Xarife
1753 886 1880 950 quic-

249 978 388 1025 quam
415 961 651 1018 dixerunt,
677 961 755 1025 qui
786 961 820 1006 si
849 960 1071 1017 rescisset,
1096 972 1235 1024 caput
1265 961 1399 1019 mihi,
1424 972 1476 1007 ut
1505 962 1655 1018 credo,
1681 960 1880 1008 abscindi

249 1036 468 1092 iussisset3
495 1036 621 1099 quod
647 1047 696 1081 ut
728 1035 838 1081 mihi
872 1052 991 1081 nunc
1023 1035 1196 1082 accidat
1225 1051 1310 1098 pro
1336 1035 1506 1082 Christi
1534 1035 1739 1093 nomine,
1764 1035 1880 1082 indi-

250 1127 395 1174 gnum
423 1128 494 1157 me
523 1121 709 1174 reputo,
734 1110 840 1174 quia
865 1109 1002 1173 longa
1027 1120 1165 1156 restat
1189 1110 1274 1157 via.

314 1185 435 1231 Cum
462 1197 692 1231 turcarum
713 1202 848 1231 naues
867 1185 955 1232 huc
975 1185 1269 1249 appulissent,
1290 1202 1392 1232 sum
1420 1186 1549 1233 valde
1573 1185 1880 1249 perturbatus,

250 1260 487 1324 quoniam,
521 1270 573 1306 ut
603 1259 773 1318 audiui,
811 1259 980 1306 multos
1011 1260 1055 1306 in
1087 1260 1148 1306 eis
1180 1259 1540 1307 adolescentulos
1571 1260 1879 1316 continebant,

249 1351 354 1380 cum
381 1334 547 1399 quibus
571 1333 750 1397 publice
783 1345 1047 1398 peccarent3
1080 1347 1258 1398 praeter
1288 1334 1462 1398 puellas
1490 1335 1648 1392 etiam,
1673 1345 1718 1381 et
1742 1351 1880 1381 vnam

251 1410 515 1473 praesertim
556 1426 612 1455 ex
645 1409 855 1466 Castilia',
882 1426 998 1473 quae
1030 1409 1156 1455 annis
1186 1409 1360 1455 circiter
1392 1425 1501 1455 xnn
1538 1421 1661 1467 nata,
1693 1409 1882 1473 pulchra

249 1495 366 1541 erat,
398 1496 443 1530 et
474 1501 499 1530 a
533 1483 702 1530 Christi
729 1483 817 1530 fide
848 1484 1077 1531 discedere
1107 1501 1131 1530 a
1157 1484 1324 1530 mauris
1357 1484 1620 1547 cogebatur,
1652 1495 1697 1531 et
1719 1495 1880 1531 eorum
1907 1492 1914 1496 “

253 1575 369 1605 vnus
410 1575 465 1604 ex
502 1558 625 1604 Feza
658 1557 847 1604 eandem
887 1558 968 1604 sibi
1008 1558 1052 1604 in
1096 1575 1287 1604 vxorem
1329 1559 1494 1605 ducere
1533 1558 1648 1605 velle
1687 1558 1879 1606 dicebat.

252 1633 436 1679 Multae
468 1633 576 1679 aliae
608 1644 738 1691 sunt,
772 1650 888 1697 quae
917 1632 973 1679 ab
1004 1633 1064 1679 eis
1096 1633 1157 1679 ita
1190 1643 1455 1692 tractantur,
1490 1645 1534 1680 et
1566 1634 1768 1697 ipsorum
1794 1633 1881 1697 legi

250 1708 467 1753 adherere
491 1706 843 1769 compelluntur.
876 1707 998 1753 Cum
1031 1707 1112 1752 hae
1145 1724 1213 1753 res
1243 1707 1303 1753 ita
1335 1724 1428 1754 sese
1462 1707 1679 1766 habeant,
1715 1725 1881 1767 nonne,

250 1798 432 1846 quaeso,
458 1781 551 1827 sine
576 1781 908 1828 intermissione
929 1781 984 1828 ad
1007 1782 1161 1827 Deum
1183 1781 1433 1828 exclamare
1452 1781 1685 1840 debemus,
1699 1793 1749 1828 vt
1773 1782 1882 1829 haec

250 1873 361 1920 gens
385 1868 478 1902 tam
503 1856 643 1919 impia
665 1866 896 1902 euertatur
919 1867 964 1902 et
988 1857 1164 1919 pereat?
1204 1856 1307 1919 Ego
1340 1872 1528 1919 operam
1553 1856 1679 1915 dedi,
1707 1866 1758 1902 vt
1781 1857 1881 1921 qui-

249 1933 354 1979 dam
395 1931 525 1996 judei
558 1932 701 1994 ipsam
739 1931 935 1995 puellam
973 1932 1239 1995 acciperent,
1275 1943 1319 1978 et
1351 1942 1627 1995 protestatus
1664 1948 1764 1978 sum
1810 1948 1882 1978 me

249 2025 347 2054 eam
378 2024 483 2053 cum
525 2006 805 2053 eleemosinis
846 2008 1207 2070 redempturum.
1253 2006 1407 2053 Aliam
1449 2007 1586 2054 etiam
1629 2008 1880 2065 mulierem,

250 2098 373 2128 xxm
410 2098 581 2128 annum
623 2093 858 2145 agentem,
892 2094 938 2128 et
972 2082 1114 2128 filium
1141 2099 1253 2141 vna,
1286 2098 1390 2128 cum
1421 2082 1579 2129 eadem
1620 2082 1881 2129 conditione

250 2156 466 2203 volebant
489 2167 812 2221 transportare,
838 2173 977 2220 quam
1003 2173 1089 2220 ego
1110 2174 1134 2203 a
1151 2173 1312 2221 mauro
1336 2157 1554 2221 quodam,
1583 2157 1693 2203 mihi
1718 2157 1880 2215 amico,

251 2232 338 2277 huc
364 2231 527 2278 adduci
552 2231 727 2288 curaui,
753 2231 830 2294 qui
861 2248 960 2277 eam
988 2231 1097 2277 mihi
1131 2231 1236 2277 satis
1268 2231 1440 2295 exiguo
1471 2232 1623 2295 precio
1646 2233 1880 2291 concessit,

251 2306 469 2369 quoniam
495 2306 596 2368 plus
623 2316 806 2352 centum
832 2306 987 2352 vnciae
1012 2306 1067 2352 ab
1087 2306 1180 2352 aliis
1196 2306 1508 2352 offerebantur
1526 2306 1646 2354 vltra
1663 2324 1750 2365 eas,
1769 2324 1882 2371 quas

251 2397 338 2443 ego
371 2398 455 2443 pro
489 2380 605 2426 illius
636 2380 949 2443 redemptione
980 2380 1192 2444 persolui.
1227 2381 1371 2445 Duos·
1395 2393 1626 2444 praeterea
1657 2398 1821 2445 pueros
1856 2397 1881 2428 a

251 2455 389 2500 turcis
414 2455 581 2518 recepi:
607 2471 692 2518 pro
716 2454 856 2501 altero
881 2472 1006 2501 xxxx
1032 2456 1222 2502 ducatos
1247 2455 1366 2514 decli,
1393 2472 1508 2519 quos
1535 2455 1677 2515 breui,
1708 2468 1758 2503 vt
1781 2473 1880 2521 spe-

251 2546 318 2588 ro,
343 2529 437 2575 eius
463 2541 605 2575 mater
631 2529 686 2575 ad
713 2546 784 2575 me
805 2530 968 2586 mittet,
988 2530 1161 2576 etiamsi
1187 2547 1270 2593 pro
1294 2547 1348 2576 eo
1376 2530 1463 2576 iam
1491 2546 1551 2576 xc
1577 2530 1729 2577 ducati
1753 2546 1880 2593 repe-

252 2604 440 2651 riantur.
482 2603 615 2649 Alter
645 2619 714 2649 x11
753 2597 985 2650 annorum*
1009 2615 1096 2663 est,
1129 2604 1461 2668 pulcherrimus
1492 2621 1618 2663 sane,
1649 2604 1725 2668 qui
1759 2621 1879 2650 nunc

251 2679 399 2741 legere
423 2678 600 2741 incipit,
627 2694 707 2723 nec
733 2678 1022 2725 mediocriter
1053 2679 1236 2725 videtur
1272 2695 1528 2742 propensus
1561 2680 1617 2726 ad
1641 2678 1879 2743 proficien-

250 2753 375 2799 dum.
405 2752 447 2798 Si
476 2752 523 2798 P.
561 2751 762 2798 Aloisius
787 2751 1040 2811 Gonzales,
1073 2753 1142 2799 cui
1175 2769 1282 2799 cura
1315 2753 1643 2816 redemptionis
1674 2753 1880 2816 captiuo-

251 2838 350 2873 tum
375 2828 616 2874 commissa
640 2825 742 2884 fuit,
770 2826 831 2873 ita
857 2827 1069 2887 uoluerit,
1096 2829 1151 2875 ad
1176 2845 1280 2874 eum
1310 2830 1568 2888 mittemus,
1593 2830 1809 2893 quoniam
1834 2829 1879 2875 in

252 2902 506 2964 Hispaniis,
534 2902 631 2964 ipso
651 2900 895 2959 mediante,
917 2903 1085 2965 poterit
1105 2902 1398 2949 eleemosinas
1416 2903 1634 2966 excipere,
1655 2915 1700 2950 et
1723 2903 1784 2950 ita
1807 2903 1879 2949 alii

251 2976 321 3022 hic
346 2976 510 3038 captiui
540 2974 869 3033 liberabuntur,
890 2977 968 3040 qui
993 2977 1184 3023 omnino
1204 2977 1354 3023 traditi
1381 2988 1488 3023 sunt
1511 2977 1743 3024 obliuioni.
1772 2977 1879 3024 Emi

250 3050 387 3096 alium
415 3051 626 3095 iuuenem
653 3065 746 3094 xxx
771 3049 957 3105 ducatis,
982 3050 1125 3097 filium
1143 3050 1349 3114 primatis
1368 3051 1602 3098 cuiusdam
1622 3068 1678 3098 ex
1706 3051 1877 3109 Malta;

251 3123 467 3170 timebam
494 3123 614 3169 enim
644 3139 697 3169 ne
728 3139 752 3168 a
783 3122 952 3170 Christi
983 3124 1073 3172 fide
1103 3124 1374 3181 discederet,
1399 3125 1524 3188 quia,
1551 3139 1600 3172 vt
1624 3124 1872 3183 dicebatur,
