2008 3510
281 241 356 297 768
746 236 983 284 EPISTOLAE
1013 240 1316 296 MxxTAE—132
1325 257 1339 283 1

226 368 444 414 preparat
468 368 557 415 qua
582 350 623 396 le
647 362 806 397 stanze
838 362 883 397 et
913 363 1037 397 tutto
1055 351 1220 415 quello
1251 352 1333 398 che
1362 350 1606 414 bisognara
1637 368 1719 414 per
1745 351 1858 399 loro.

226 426 364 472 Onde
389 437 566 489 potrete
591 424 660 471 far
684 437 775 472 star
799 425 843 472 in
869 427 1030 473 ordine
1056 427 1082 472 li
1109 427 1354 490 designati,
1388 426 1647 490 percioche,
1673 427 1861 473 essendo

225 501 471 547 sollecitato
496 501 524 547 il
552 500 726 547 ritorno
753 502 845 547 mio
870 501 927 548 da
953 513 1110 547 nostro
1129 501 1336 565 Signore,
1357 518 1501 564 penso
1526 518 1660 548 uerso
1684 501 1711 547 il
1739 501 1858 564 prin-

225 574 344 636 cipio
368 575 413 621 d’
437 573 547 631 8.bs‘³‚
574 575 795 638 piacendo
820 592 844 620 a
870 575 989 633 Dio,
1015 576 1206 621 mandar
1238 575 1390 622 inanzi
1421 575 1566 621 alcuni
1592 575 1750 622 caualli
1774 592 1860 622 con

227 661 355 712 parte
389 649 488 696 dela
520 647 754 713 fameglia3
785 650 842 697 de
879 650 999 713 quali
1030 650 1186 696 caualli
1219 667 1275 696 ne
1315 661 1593 697 tornet-anno
1635 650 1710 714 poi
1752 650 1860 696 certi

226 724 444 781 indrieto,
470 735 515 770 et
546 736 774 787 potranno
805 725 963 770 seruir'
984 742 1008 770 a
1031 726 1258 771 condurre
1289 725 1317 771 li
1350 725 1493 771 uostri
1524 742 1634 789 qua,
1658 725 1741 771 che
1764 724 1860 771 cosi

225 798 412 857 ordino,
445 798 745 845 desiderando
777 799 947 845 uederli
983 799 1264 845 accomodati
1297 799 1450 845 auanti
1485 799 1526 845 la
1566 799 1731 863 partita
1772 798 1863 844 mia

226 889 306 936 per
331 873 359 919 il
385 873 553 937 meglio
580 873 689 920 loro.
718 874 778 919 In
803 885 931 920 tanto
950 877 1093 930 sarete
1117 886 1335 920 contento
1353 874 1596 920 auuisarmi
1618 873 1647 920 il
1668 890 1862 920 numero
1886 863 1889 865 v

226 946 270 993 di
297 946 433 1010 quelli
458 948 540 993 che
565 948 770 995 haranno
794 949 851 994 da
876 947 1031 994 uenire
1051 947 1081 1004 ¹,
1101 960 1146 995 et
1161 948 1350 994 salutate
1375 959 1494 995 tutta
1513 948 1554 994 la
1576 965 1674 994 casa
1699 948 1742 994 in
1769 948 1862 994 mio

227 1037 379 1068 nome.
407 1020 505 1067 Che
530 1034 688 1067 nostro
720 1022 877 1085 signor
901 1021 995 1067 Dio
1020 1022 1226 1068 conserui
1254 1022 1329 1069 voi
1355 1033 1400 1068 et
1425 1022 1499 1068 noi
1525 1022 1570 1068 in
1596 1039 1677 1068 sua
1703 1021 1861 1086 gratia.

225 1095 313 1141 Dal
341 1095 520 1142 abbatia
544 1096 588 1143 d‘
611 1096 837 1160 Agubbio
862 1096 934 1142 alli
960 1113 1053 1143 xxv
1078 1097 1124 1143 di
1151 1096 1250 1158 7}st
1281 1110 1414 1159 1552.
1443 1097 1621 1153 Vester,

889 1188 961 1235 M.
1001 1188 1317 1235 CARDINALIS
1352 1189 1582 1235 SANCTAE
1618 1189 1665 1249 †.

291 1300 543 1362 Inscriptio:
582 1299 645 1345 Al
685 1299 806 1346 Rdo.
844 1299 916 1346 M.
948 1299 1130 1363 Ignatio
1163 1300 1220 1346 de
1262 1299 1444 1356 Loiola,
1487 1299 1721 1363 preposito
1762 1298 1863 1346 dela

225 1373 515 1438 Compagnia
538 1374 583 1421 di
607 1374 738 1434 Jessi,
763 1385 864 1432 ete„
890 1373 934 1420 in
963 1374 1131 1422 Roma.

974 1567 1112 1602 1321
1172 1601 1175 1605 ,

700 1653 929 1691 JOANNES
959 1654 1026 1690 DE
1056 1655 1157 1691 SAN
1186 1653 1384 1690 MIGUEL

520 1741 759 1805 [PATRI
799 1742 1162 1789 LUDOVICO
1200 1742 1296 1788 DE
1331 1741 1578 1787 GRANA

643 1845 858 1872 OLISIPONE
886 1845 1022 1872 MENSE
1052 1845 1232 1872 ocrossm
1266 1832 1382 1884 1552]
1412 1831 1441 1872 ².

225 1943 365 1980 Intimo
393 1943 538 1980 doloris
565 1954 679 1979 sensu
707 1947 863 1991 statum,
890 1954 966 1990 quo
991 1954 1052 1980 res
1078 1943 1285 1980 Societatis
1317 1943 1357 1979 in
1383 1942 1618 1988 Portugallia
1648 1945 1860 1986 versantur,

278 2006 729 2043 lamentatur.—Patrem
763 2006 1002 2043 Ludovicum
1027 2008 1074 2042 de
1103 2006 1231 2042 Grana
1256 2010 1367 2052 urget
1399 2010 1441 2041 ut
1471 2015 1540 2052 pro
1567 2004 1712 2051 optima
1745 2013 1861 2040 causa

276 2074 363 2116 stet,
387 2073 423 2105 et
442 2069 685 2115 suspiciones
712 2070 759 2105 de
787 2081 832 2106 eo
858 2074 1065 2116 conceptas
1091 2069 1269 2116 repellat,
1297 2068 1447 2115 litteris,
1475 2078 1572 2114 quae
1599 2067 1680 2114 regi
1709 2065 1861 2103 ostendi

275 2132 438 2178 possint,
461 2131 703 2178 conscriptis.

968 2192 1103 2288 Jlius.

288 2329 334 2375 O
359 2345 488 2374 amor
517 2345 542 2374 e
573 2328 710 2375 vniao
740 2328 797 2374 de
825 2328 936 2388 Jhu.
972 2329 1057 2376 X.⁰
1088 2345 1112 2374 e
1145 2345 1169 2374 a
1199 2344 1286 2391 paz
1316 2328 1373 2374 de
1401 2343 1480 2374 seu
1511 2336 1659 2372 samto
1690 2324 1860 2389 sperito

222 2404 310 2449 seia
333 2419 494 2466 senpre
519 2419 591 2450 ern
619 2419 751 2449 nosas
776 2402 930 2451 almas.
958 2403 1127 2450 Amen.
1163 2402 1311 2449 Padre
1328 2418 1463 2458 meU,
1497 2400 1656 2464 depois
1687 2415 1777 2463 que
1804 2399 1861 2446 de

277 2556 290 2581 ¹
346 2559 557 2595 Numerum
584 2557 806 2594 et.nomina
836 2568 985 2604 eorum,
1020 2557 1084 2604 qui
1112 2557 1330 2603 Eugubium
1359 2557 1407 2592 ab
1435 2556 1585 2602 Ignatio
1619 2554 1726 2591 missi
1761 2557 1860 2600 sunt,

224 2622 315 2658 alibi
337 2622 607 2668 expressimus.
628 2620 836 2666 POLANCO‚
859 2624 885 2656 t.
908 2630 954 2667 Π,
976 2631 1065 2667 pag.
1086 2631 1176 2666 441,
1198 2631 1233 2657 n.
1257 2628 1318 2667 57,
1340 2623 1470 2656 annot.
1492 2629 1529 2665 3.

275 2682 291 2706 ⁹·
346 2683 403 2720 EX
430 2687 670 2730 transumpto
699 2693 843 2719 coaevo
870 2683 908 2719 in
934 2684 1011 2720 vol.
1039 2683 1081 2730 F,
1113 2684 1256 2730 duplici
1283 2683 1389 2729 folio,
1411 2693 1449 2721 n.
1474 2683 1562 2728 282,
1590 2680 1697 2728 prius
1719 2688 1863 2728 527.—

221 2747 308 2783 Non
335 2747 554 2783 inscribitur
582 2746 787 2792 epistolae,
816 2747 874 2781 cui
904 2746 986 2782 viro
1025 2746 1160 2781 eadem
1187 2747 1277 2781 data
1311 2745 1371 2782 sit:
1404 2744 1518 2781 nobis
1549 2746 1680 2780 autem
1712 2743 1863 2778 videtur

221 2809 260 2846 P.
281 2809 479 2845 Ludovico
501 2810 547 2845 de
571 2809 711 2845 Grana.
733 2807 839 2855 Quae
869 2808 969 2844 enim
1002 2807 1040 2844 in
1067 2808 1151 2854 ipsa
1178 2808 1434 2852 continentur,
1461 2807 1516 2843 illi
1547 2805 1792 2850 conveniunt,
1813 2803 1861 2840 de

221 2881 297 2917 quo
317 2871 522 2916 scripserat
542 2871 749 2916 POLANCO,
772 2874 795 2906 t.
826 2879 869 2915 Π,
899 2881 985 2916 pag.
1018 2871 1106 2917 716,
1134 2881 1169 2908 n.
1200 2871 1288 2918 645:
1320 2870 1383 2907 «P.
1410 2869 1631 2906 Ludovicus
1658 2868 1704 2903 de
1733 2867 1861 2902 Grana

221 2934 299 2968 dux
320 2943 450 2969 eorum
472 2934 709 2979 credebatur,
733 2933 796 2978 qui
818 2934 931 2968 rebus
951 2933 989 2968 P.
1012 2932 1183 2969 Simonis
1208 2932 1404 2978 favebant;
1426 2936 1565 2977 tamen,
1588 2930 1691 2977 quod
1714 2931 1762 2965 ad
1784 2933 1861 2965 sta-

221 2995 408 3031 bilitatem
431 2996 469 3031 in
487 2996 682 3032 Societate
704 2996 878 3042 pertinet,
902 2995 1050 3031 solidus
1076 2996 1254 3032 inventus
1282 3000 1339 3032 est
1360 3007 1381 3031 a
1408 2996 1449 3032 P.
1475 2995 1625 3031 Joanne
1647 2994 1693 3029 de
1715 2992 1858 3029 Sancto

221 3058 423 3103 Michaele,
450 3061 486 3094 et
507 3058 544 3094 in
566 3058 785 3094 obedientia
805 3058 845 3095 P.
866 3057 1016 3104 Ignatii,
1039 3058 1167 3103 immo,
1190 3058 1222 3094 si
1244 3069 1290 3094 ex
1316 3057 1554 3104 Portugallia
1576 3057 1725 3104 eJ'ectus
1745 3058 1858 3097 esset,

222 3131 262 3157 se
282 3131 435 3168 sperare
462 3121 628 3167 dicebat,
646 3120 710 3157 vel
733 3120 774 3156 in
800 3131 917 3166 regno
939 3120 1130 3157 Castellae
1159 3122 1220 3157 vel
1247 3121 1390 3158 Romae
1417 3119 1729 3167 excipiendum».
1756 3117 1858 3154 Vide
