2008 3510
339 288 414 337 726
805 286 1045 326 Emsromss
1073 287 1316 326 ΜῙΧΤΑΕ-Ῑ
1324 299 1397 339 301

282 410 405 440 sores
429 403 474 440 et
496 394 730 458 operarios
757 394 936 441 mittere
960 394 1206 459 dignetur3
1232 395 1456 459 oppidum
1485 396 1605 442 enim
1632 407 1698 442 est
1724 398 1918 461 populo-

281 485 400 526 sum,
425 468 513 514 situ
539 480 583 515 et
608 486 760 515 rerum
781 470 837 516 ad
861 470 1002 516 vitam
1024 470 1372 517 necessariarum
1393 470 1674 519 abundantia
1697 474 1917 537 expetibi—

201 574 205 578 -
283 541 336 599 le,
363 542 518 588 multis
543 541 730 589 aedibus
754 543 886 589 sacris
911 543 1195 602 honorabile,
1221 543 1378 607 populi
1403 545 1560 591 docilis
1584 557 1628 591 et
1652 546 1916 594 diuinorum

282 616 530 662 verborum
556 616 746 662 sitientis
770 615 1024 681 frequentia
1051 617 1254 664 amabile.
1283 618 1324 664 Si
1357 635 1472 682 quos
1503 630 1656 666 autem
1694 620 1811 668 Rda.
1840 633 1917 669 tua

282 690 527 752 paternitas
543 690 793 737 mittendos
811 691 1111 749 constituerit,
1132 692 1245 750 illos,
1261 704 1312 738 vt
1331 690 1506 752 fratres,
1523 693 1595 756 pie
1613 703 1659 739 et
1676 694 1917 742 christiane
1991 707 1993 709 ’

280 763 538 827 suscipiam,
570 764 711 810 domo
745 756 913 828 (quam
945 766 1122 829 pridem
1156 765 1242 812 illic
1274 766 1393 828 emi)
1436 767 1679 830 excipiam,
1705 769 1917 834 daboque

279 854 495 901 operam,
526 855 582 884 ne
615 839 727 902 quid
762 839 845 884 illis
875 839 931 886 ad
963 840 1232 886 vestimenta
1266 850 1344 886 aut
1376 840 1588 887 alimenta
1611 841 1743 890 desit.
1773 843 1917 905 Quod

279 925 503 976 superest,
529 913 710 959 diuinae
740 913 1006 960 clementiae
1030 925 1075 960 et
1109 914 1299 960 bonitati
1332 914 1646 972 committens,
1680 933 1841 979 precor
1867 928 1919 964 vt

279 987 523 1051 negocium
549 988 605 1035 ad
631 988 827 1034 nominis
852 989 919 1034 sui
947 989 1139 1052 gloriam
1172 999 1446 1052 promoueat
1469 1001 1513 1035 et
1537 989 1756 1053 perficiat,
1781 1003 1915 1056 teque

277 1073 429 1108 seruet
470 1061 759 1108 incolumem.
802 1062 937 1119 Vale,
968 1061 1107 1109 frater
1138 1063 1408 1109 charissime.
1445 1063 1519 1109 Ex
1557 1064 1740 1110 Lutetia
1772 1066 1918 1128 pridie

278 1135 484 1182 calendas
506 1135 652 1196 Julias
684 1148 818 1198 1551.
846 1135 1057 1182 Humilis
1083 1135 1224 1183 frater
1249 1147 1294 1183 et
1320 1153 1492 1195 seruus,
1513 1187 1516 1191 t

1126 1219 1186 1266 G.
1224 1219 1278 1266 E.
1316 1218 1719 1267 Claromontensis.

344 1319 597 1382 Inscriptio:
638 1319 763 1366 Rdo.
791 1319 912 1366 Patri
947 1320 1113 1379 Mtro.,
1140 1320 1321 1384 Ignatio
1353 1321 1410 1367 de
1434 1320 1632 1384 Loyola‚
1660 1323 1916 1386 praeposito

277 1393 509 1440 Societatis
531 1394 656 1455 jesu.
686 1395 881 1442 Romae.
1388 1401 1390 1403 ’

1028 1572 1054 1605 1
1064 1571 1167 1605 :3⁰1

815 1658 844 1694 F
847 1658 1131 1696 RANCISCUS
1159 1659 1384 1696 PALMIUS

601 1746 811 1792 PATRI
846 1746 1102 1806 JOANNI
1140 1747 1236 1794 DE
1273 1748 1598 1795 POLANCO

771 1850 949 1877 BONONIA
983 1852 1028 1890 13
1059 1850 1236 1878 Aue-‚usn
1273 1851 1367 1891 1551
1402 1838 1431 1879 ¹.

283 1947 464 1994 Acceptis
479 1947 616 1984 litteris
633 1947 917 1984 rescribit—P.
933 1947 1132 1984 Landinus
1146 1949 1452 1985 bononiensibus
1465 1949 1713 1986 admirationi
1728 1954 1797 1996 est,
1814 1950 1917 1986 vitae

336 2010 594 2046 sanctimonia
624 2014 660 2046 et
693 2011 909 2047 animorum
940 2012 1218 2048 servandorum
1248 2012 1640 2058 studio.—Litteras,
1670 2012 1771 2049 Patri
1803 2013 1918 2049 Broet

336 2073 555 2120 inscriptas,
573 2073 697 2109 eidem
717 2084 757 2109 se
779 2074 1052 2120 transmisisse,
1074 2074 1178 2111 dicit.

1051 2215 1081 2276 J
1086 2178 1156 2280 ful-St

350 2316 418 2362 La
452 2316 595 2380 gratia
627 2326 673 2362 et
703 2332 812 2379 pace
842 2316 891 2362 di
924 2314 1007 2363 X.⁰
1037 2316 1101 2364 N.
1134 2317 1174 2363 S.
1211 2315 1272 2362 sia
1302 2331 1481 2378 sempre
1512 2332 1567 2362 ne
1601 2315 1727 2362 cuorl
1760 2316 1918 2365 nostri.

284 2391 453 2437 Amen.
491 2390 662 2453 Hoggi
695 2390 756 2436 ho
786 2390 990 2436 riceuuto
1017 2389 1057 2436 le
1097 2390 1224 2436 molt'
1244 2401 1463 2453 espettate
1493 2389 1550 2436 de
1583 2390 1640 2437 V.
1681 2391 1737 2437 R.
1770 2407 1854 2437 con
1882 2391 1919 2437 le

283 2465 470 2511 dirrette
494 2464 532 2510 al
555 2464 606 2510 P.
632 2464 706 2511 M.
730 2463 970 2510 Paschasio
989 2462 1021 2522 2,
1046 2475 1091 2509 et
1110 2463 1171 2509 mi
1197 2481 1278 2509 son
1300 2463 1443 2509 molto
1462 2462 1701 2527 ralegrato,
1722 2464 1919 2511 maxime

285 2538 566 2585 intendendo
589 2537 688 2583 chel
714 2537 765 2583 P.
797 2538 872 2583 M.
901 2537 1084 2601 Ignatio
1111 2538 1329 2583 mandera
1361 2537 1388 2582 li
1413 2537 1602 2582 scholari
1635 2537 1917 2597 domandati,

284 2629 365 2676 per
389 2612 416 2658 li
443 2612 562 2676 quali
585 2628 675 2657 non
695 2610 858 2657 dubito
880 2613 979 2657 sara
1004 2611 1031 2656 l’
1050 2613 1238 2657 honesta
1260 2622 1304 2657 et
1321 2611 1621 2657 conueniente
1642 2611 1914 2674 prouisione.

285 2686 346 2733 Di
373 2686 445 2732 M.
471 2686 661 2731 Andrea
682 2683 696 2708 ³
729 2695 856 2730 tanto
887 2686 920 2731 si
953 2684 1070 2743 fara,
1096 2696 1269 2748 quanto
1301 2685 1356 2731 V.
1387 2685 1446 2732 R.
1478 2685 1615 2732 auisa.
1647 2684 1737 2731 Del
1770 2685 1918 2732 Padre

283 2761 376 2808 don
409 2760 627 2807 Siluestro
659 2760 840 2823 puotria
874 2760 1035 2805 auisar'
1061 2760 1131 2823 [a]
1170 2759 1229 2808 V.
1267 2760 1328 2807 R.
1361 2760 1417 2806 de
1451 2759 1593 2806 molte
1621 2776 1743 2818 cose,
1775 2777 1848 2807 ma
1877 2760 1917 2807 le

283 2834 554 2882 confessioni
578 2834 624 2881 di
649 2846 806 2898 questa
829 2834 1053 2880 solennita
1075 2833 1191 2881 della
1221 2833 1463 2881 Madonna
1488 2850 1581 2879 non
1605 2833 1694 2880 mel
1719 2845 1916 2897 permet-

339 2976 349 3003 ¹
410 2979 467 3015 Ex
487 2979 726 3026 autographo
747 2979 784 3015 in
805 2979 878 3016 vol.
901 2979 946 3027 D,
968 2979 1113 3026 duplici
1135 2978 1240 3025 folio,
1264 2989 1298 3016 n.
1326 2988 1414 3026 137,
1434 2978 1540 3025 prius
1562 2978 1650 3016 268.

338 3037 354 3063 ²
409 3041 448 3078 P.
470 3042 699 3078 Paschasius
719 3041 843 3078 Broet.

338 3100 353 3126 ³
410 3103 683 3149 Existimamus
710 3105 769 3150 agi
799 3106 845 3140 de
873 3105 1039 3151 quodam
1068 3103 1222 3140 Andrea
1250 3103 1527 3149 Castrodardo,
1556 3103 1664 3150 eujus
1694 3102 1735 3139 fit
1766 3102 1908 3139 mentio

286 3167 388 3214 apud
408 3167 614 3214 POLANCO,
636 3171 660 3203 t.
683 3175 724 3213 11,
746 3177 833 3214 pag.
857 3178 943 3213 194,
966 3178 1002 3204 n.
1023 3167 1087 3213 64,
1110 3169 1240 3203 annot.
1268 3177 1300 3203 1.
