2040 3528
294 273 345 312 74
759 261 996 300 EPISTOLAE
1026 248 1360 314 Mutua—1059
1424 280 1427 283 -

242 368 347 415 delli
376 368 555 432 patroni
583 367 723 414 nostri
751 368 985 432 pragensi,
1016 368 1044 414 il
1077 368 1199 415 Rdo.
1238 369 1386 416 Padre
1415 369 1660 416 Anthonio
1690 369 1747 416 de
1777 369 1881 416 Mi-

240 445 385 508 glitio,
414 460 631 506 supremo
657 453 702 489 et
730 443 956 507 generalle
986 456 1183 490 maestro
1218 443 1292 490 del
1327 443 1487 491 ordine
1525 443 1631 491 delli
1666 442 1879 491 cruciferi

240 536 325 564 con
353 519 392 563 la
419 535 543 564 rossa
566 517 704 564 stella.
731 518 997 576 Domatina‚
1022 535 1068 564 se
1093 518 1136 564 io
1162 520 1338 582 pottro,
1363 518 1408 564 io
1432 520 1812 565 recommandaro
1840 518 1881 564 la

239 610 341 638 cosa
368 592 405 638 al
433 609 480 637 re
506 603 685 649 nostro,
711 593 918 640 accioche
950 592 1101 657 quella
1132 593 1244 639 roba
1276 610 1369 639 non
1402 610 1448 639 se
1481 594 1704 657 applicchi
1737 611 1819 657 per
1850 592 1879 639 li

239 667 448 730 pragensi
474 667 530 713 ad
555 667 671 713 altro
696 684 793 716 VSO.

305 739 398 788 M.⁰
423 741 624 799 CanisiO,
650 758 732 805 per
756 742 1078 789 commissione
1113 741 1187 789 del
1225 759 1272 788 re
1309 752 1354 788 et
1384 759 1466 806 per
1501 741 1542 788 13
1576 742 1793 788 instantia
1825 741 1884 788 de

238 816 379 861 ducca
402 815 459 862 de
485 815 692 874 Bauiera,
711 833 757 863 se
784 817 807 863 ἐ
833 816 1003 880 partito
1027 817 1084 863 de
1107 817 1257 880 Praga
1281 832 1364 879 per
1389 827 1550 862 trattar
1574 833 1661 863 con
1678 817 1719 863 S.
1741 817 1802 863 A.
1825 817 1883 862 de

238 888 333 936 fare
364 906 427 935 vn
463 890 655 953 collegio
691 890 950 955 theologico
986 891 1032 937 in
1069 890 1374 955 Ingolstadio,
1399 901 1531 953 parte
1555 907 1636 953 per
1661 890 1703 936 la
1727 901 1884 936 nostra

239 965 545 1028 Compagnia,
581 975 710 1028 parte
745 982 826 1028 per
862 965 962 1012 altri
998 966 1199 1012 studenti
1233 965 1291 1012 de
1325 964 1559 1029 theologia
1579 964 1607 1011 ¹.
1636 966 1726 1011 Sua
1750 964 1883 1022 R.⁰⁵²‚

238 1040 499 1102 partendosi
525 1040 569 1086 di
597 1040 658 1097 la,
684 1040 816 1087 diede
840 1040 1002 1088 ordine
1028 1058 1052 1086 a
1076 1040 1181 1104 quel
1218 1040 1271 1087 P.
1301 1040 1564 1096 Anthonio,
1589 1040 1672 1085 che
1702 1039 1883 1086 riman-

237 1114 353 1161 dassi
379 1131 404 1160 a
428 1114 610 1160 Vienna
633 1115 708 1161 doi
729 1115 785 1161 de
810 1114 946 1179 quelli
973 1115 1158 1178 giouani
1183 1115 1267 1161 che
1288 1116 1426 1161 meno
1451 1131 1642 1160 conseco
1667 1131 1692 1160 a
1719 1114 1883 1178 Praga,

238 1189 424 1252 quando
449 1206 494 1235 se
525 1190 646 1253 parti
672 1189 714 1236 la
746 1189 908 1236 Vltima
943 1189 1068 1236 volta
1095 1206 1176 1253 per
1213 1189 1382 1252 Praga:
1412 1189 1440 1234 il
1468 1200 1615 1244 terzo,
1640 1188 1830 1235 essendo
1855 1187 1884 1233 il

239 1264 321 1327 piu
347 1263 553 1320 robusto,
580 1264 638 1310 ha
663 1276 847 1311 menato
877 1281 978 1311 seco
1013 1281 1037 1309 3
1068 1263 1268 1310 Bauiera.
1309 1263 1423 1309 Pare
1462 1264 1545 1310 che
1582 1263 1622 1309 la
1658 1262 1885 1326 presentia

239 1354 320 1384 sua
343 1337 530 1384 sarebbe
556 1338 802 1384 necessaria
830 1338 875 1384 in
901 1338 1065 1402 Praga,
1090 1354 1172 1402 per
1202 1339 1478 1384 intretenere
1505 1337 1543 1383 le
1567 1354 1669 1384 cose
1694 1336 1767 1383 del
1793 1336 1884 1382 col-

242 1411 362 1476 legio
387 1412 432 1458 in
457 1429 616 1471 essere,
637 1412 752 1459 insin
778 1430 802 1458 a
825 1412 867 1458 la
889 1424 1062 1459 venuta
1085 1412 1189 1459 delli
1222 1427 1277 1458 12
1303 1412 1362 1459 da
1389 1413 1559 1469 Roma,
1579 1422 1624 1458 et
1650 1412 1708 1458 da
1734 1411 1792 1458 ad
1817 1411 1884 1457 in-

244 1486 430 1533 tendere
461 1486 558 1543 che,
584 1486 797 1534 hauendo
821 1497 1010 1533 trattato
1041 1487 1112 1534 col
1136 1487 1253 1534 duca
1274 1485 1306 1546 2,
1331 1488 1516 1533 tornara
1541 1503 1565 1533 a
1592 1487 1757 1550 Praga,
1783 1502 1829 1532 se
1855 1485 1884 1532 il

245 1579 291 1608 re
331 1578 424 1608 non
461 1560 490 1608 li
525 1563 750 1609 comanda
784 1562 922 1620 altro,
959 1562 1327 1609 massimamente
1366 1562 1533 1626 perche
1571 1562 1645 1626 gia
1678 1562 1705 1607 li
1741 1562 1887 1608 hauea

244 1653 499 1683 commesso
525 1637 607 1684 che
640 1637 687 1683 di
720 1637 761 1683 13
787 1654 879 1684 non
911 1648 1131 1701 partesse,
1155 1654 1296 1683 senon
1325 1637 1538 1684 hauendo
1564 1648 1887 1683 consummato

244 1710 354 1774 ogni
378 1727 496 1758 cosa.

311 1785 369 1831 Io
394 1785 541 1849 questi
567 1785 716 1850 giorni
743 1786 803 1833 ho
833 1786 1130 1832 rimonstrato
1149 1785 1189 1831 al
1216 1802 1264 1832 re
1287 1802 1423 1831 como
1451 1785 1524 1832 noi
1550 1785 1650 1831 altri
1671 1802 1762 1831 non
1781 1802 1888 1849 posa-

245 1859 388 1906 siamo
414 1860 613 1907 riceuere
637 1862 784 1925 questi
811 1861 923 1908 dieci
949 1860 1131 1907 moraui
1160 1877 1240 1923 per
1264 1860 1564 1907 commensali
1592 1860 1719 1923 (delli
1750 1859 1887 1924 qualli

245 1935 307 1980 ho
331 1935 489 1981 scritto
513 1952 537 1981 3
560 1935 619 1982 V.
650 1935 759 1997 R.)‚
793 1953 866 1981 ma
906 1936 1154 1982 solamente
1192 1952 1328 1982 como
1364 1933 1558 1982 faciamo
1596 1935 1666 1982 nel
1697 1935 1889 1998 collegio

246 2010 509 2073 germanico
533 2010 577 2056 in
601 2011 772 2068 Roma,
794 2011 837 2057 in
857 2028 948 2057 vna
972 2027 1072 2057 casa
1095 2022 1299 2073 separata
1325 2009 1443 2056 della
1467 2021 1621 2056 nostra
1645 2009 1886 2056 habitatio-

248 2101 322 2131 ne:
348 2085 474 2148 dopo
507 2083 802 2131 habbiamolo
833 2083 1086 2131 informato
1116 2084 1231 2131 delle
1263 2084 1381 2148 parti
1413 2083 1532 2142 loro,
1556 2094 1658 2142 etc.,
1682 2096 1728 2130 et
1761 2083 1891 2130 final-

249 2171 401 2206 mente
432 2159 471 2205 ci
497 2159 554 2205 ha
580 2159 777 2223 risposto
802 2177 883 2223 per
913 2160 1098 2206 decreto
1131 2160 1305 2217 scritto,
1330 2159 1414 2204 che
1437 2176 1483 2204 se
1508 2156 1619 2204 faeci
1654 2157 1889 2204 examina-

249 2234 373 2280 tione
397 2250 532 2297 sopra
555 2233 611 2280 de
636 2234 745 2280 certi
771 2234 963 2281 articoli.
1000 2234 1137 2280 Hieri
1170 2234 1509 2280 sottoscrissero
1532 2250 1557 2279 a
1581 2234 1751 2297 cinquo
1775 2251 1803 2279 o
1827 2232 1887 2279 sei

249 2309 617 2372 interrogationi,
641 2309 739 2356 cioe
765 2321 939 2373 quanto
975 2310 1057 2356 alle
1094 2310 1312 2373 riquezze
1337 2326 1365 2355 o
1391 2310 1584 2372 pouerta
1616 2308 1737 2365 loro,
1771 2307 1807 2354 si
1844 2324 1890 2354 se

249 2382 562 2446 pottrebbono
587 2393 811 2429 tratenere
834 2400 920 2429 con
946 2383 1011 2429 soi
1038 2382 1141 2429 beni
1168 2382 1238 2428 nel
1264 2382 1433 2439 studio,
1459 2384 1494 2428 si
1520 2382 1737 2445 vogliano
1762 2381 1890 2428 viue-

250 2474 296 2503 re
320 2468 442 2503 sotto
466 2457 507 2503 la
531 2456 768 2520 disciplina
791 2469 836 2503 et
861 2456 1015 2520 regole
1040 2457 1122 2503 che
1146 2457 1174 2503 li
1201 2456 1448 2503 habbiamo
1474 2454 1709 2519 proposte‚
1729 2466 1833 2514 etc.,
1854 2455 1889 2519 si

250 2547 366 2577 sono
391 2531 615 2588 catholici,
642 2543 687 2578 et
710 2531 745 2578 si
770 2548 815 2578 se
842 2543 1119 2578 contenteno
1142 2530 1215 2578 del
1239 2531 1358 2577 vitto
1384 2541 1557 2576 nostro.
1584 2529 1639 2576 Li
1663 2529 1889 2594 maggiori

254 2622 346 2652 non
371 2623 416 2652 se
441 2605 660 2670 vogliono
684 2617 974 2653 sottomettre
999 2606 1081 2652 alle
1107 2605 1282 2668 regole‚
1308 2604 1484 2651 benche
1512 2602 1650 2651 facili:
1686 2604 1774 2650 neli
1800 2603 1888 2650 mi-

253 2767 482 2814 explicanda
505 2778 602 2814 quae
623 2768 671 2803 de
692 2766 871 2813 pragensi
903 2765 1067 2812 collegio
1088 2765 1226 2802 litteris
1254 2764 1452 2800 mandavit
1477 2764 1685 2809 POLANCO,
1713 2766 1738 2799 t.
1770 2769 1890 2799 1V-V1.

251 2830 308 2866 Ne
343 2830 459 2876 igitur
487 2830 591 2866 dicta
617 2834 847 2876 repetamus,
875 2828 975 2875 vide,
1006 2829 1053 2864 ad
1079 2827 1378 2864 coelestinorum
1408 2827 1511 2873 quod
1540 2827 1676 2863 attinet
1701 2830 1892 2863 monaste-

252 2892 362 2938 rium,
384 2892 528 2928 dictum
550 2892 597 2927 de
619 2892 759 2939 Oybin,
781 2891 986 2938 POLANCO,
1010 2895 1035 2927 t.
1057 2899 1114 2937 IV,
1136 2900 1224 2936 pag.
1248 2890 1336 2937 265,
1356 2900 1391 2927 n.
1419 2898 1507 2937 570,
1531 2893 1660 2925 annot.
1685 2897 1722 2935 3;
1744 2892 1781 2924 et
1799 2892 1825 2925 t.
1848 2895 1891 2933 V,

251 2965 340 3001 pag·
364 2964 452 3000 233,
474 2964 511 2991 n·
531 2954 620 3000 673-

307 3014 321 3040 ¹
378 3016 567 3052 Adhibuit
588 3017 683 3052 haec
704 3016 912 3061 POLANCO,
933 3025 1080 3061 nosque
1102 3013 1365 3060 enodavimus,
1393 3017 1418 3050 t.
1445 3022 1487 3059 V,
1507 3024 1595 3066 pag.
1621 3013 1711 3059 236,
1739 3023 1776 3050 n.
1799 3011 1888 3058 682,

253 3083 384 3117 annot.
405 3091 441 3124 4.
462 3079 563 3115 Vide
583 3079 637 3116 sis
657 3079 796 3116 locum.

307 3140 324 3166 ²
381 3142 564 3179 Albertus
583 3142 633 3188 V,
653 3141 840 3178 Bavariae
862 3142 951 3178 dux.
974 3140 1030 3178 Cf.
1053 3141 1394 3184 BRAUNSBERGER,
1415 3135 1440 3176 l.
1463 3150 1509 3185 c.,
1531 3149 1618 3186 pag.
1641 3137 1729 3186 564.
