2008 3510
268 268 345 307 618
732 264 968 303 Emsrome
996 263 1328 316 M1x‘rAE-1252

217 372 487 420 audivimus.
514 371 682 434 Neque
707 368 940 427 fallemur,
964 380 1192 434 quantum
1224 369 1325 417 licet
1347 369 1583 434 conjicere.
1610 370 1848 432 Quoniam

217 446 514 510 perspicimus
546 455 591 491 et
632 460 730 510 rem
754 443 853 508 jam
885 443 943 491 ad
983 454 1251 507 perceptum
1280 443 1555 508 cogitatione
1597 443 1847 490 terminum

216 519 394 578 deduci,
414 531 459 566 et
477 518 722 582 superaddi
739 518 988 582 parietibus
1007 518 1204 582 ligneam
1225 518 1462 565 materiam
1490 533 1661 582 magno
1685 518 1848 565 ardore

216 593 455 646 artificum.
481 593 633 640 Aedes
657 593 791 639 etiam
823 609 967 652 sacra,
1004 603 1141 656 atque
1165 592 1278 639 adeo
1309 592 1536 656 reliquum
1560 608 1699 638 omne
1722 592 1846 639 aedi-

216 667 391 724 ficium,
432 677 651 730 operante
681 666 826 730 gratia
856 666 967 723 Dei,
1008 666 1066 713 ad
1095 665 1225 730 cujus
1255 666 1478 712 honorem
1519 677 1682 729 coepta
1726 677 1846 723 sunt,

217 741 344 788 brevi
363 752 577 804 optatum
597 740 734 786 finem
754 750 1103 803 consequentur.
1125 728 1312 786 Praesul
1334 741 1495 806 majori
1512 740 1559 786 in
1578 740 1673 787 dies
1691 755 1847 786 amore

217 826 397 861 nostrae
422 814 654 860 Societatis
679 813 886 862 afficitur.
913 813 1146 860 Dominus
1170 813 1230 860 illi
1256 830 1393 861 suum
1419 813 1625 861 favorem
1651 824 1849 877 praestet

217 889 263 935 in
297 888 526 935 omnibus.
566 888 701 934 Haec
742 888 845 935 ideo
889 888 1066 951 scripsi,
1108 888 1236 952 quod
1276 889 1412 935 sciam
1458 895 1644 952 gratum
1677 887 1759 934 tibi
1800 903 1849 933 ac

209 963 472 1028 jucundum
498 960 733 1021 futurum,
758 961 836 1026 qui
861 978 967 1008 cum
991 961 1068 1008 illo
1093 960 1301 1009 familiari
1327 962 1526 1026 quadam
1552 961 1711 1008 notitia
1741 978 1850 1008 con-

208 1038 400 1102 junctus
423 1053 469 1083 es
490 1035 515 1083 ¹.

284 1111 465 1157 Fratres
489 1110 630 1157 nostri
661 1127 821 1157 omnes
847 1110 1009 1158 valent.
1045 1111 1172 1158 Nam
1202 1112 1281 1176 qui
1313 1123 1581 1175 quartanam
1612 1122 1850 1157 contraxe-

215 1196 342 1242 rant,
368 1185 607 1247 proximae
631 1185 808 1231 aestatis
832 1184 1015 1249 injuria,
1032 1185 1130 1249 jam
1155 1185 1240 1232 illis
1264 1186 1625 1232 inimicissimum
1648 1184 1847 1231 febrium

150 1271 156 1278 ’
215 1275 360 1322 genus
383 1258 574 1306 decedit.
606 1259 784 1305 Omnes
808 1258 1049 1322 diligenter
1073 1260 1260 1306 student
1279 1260 1324 1306 in
1349 1261 1422 1307 via
1441 1259 1632 1306 Domini
1658 1275 1848 1322 progre-

216 1332 282 1391 di,
317 1332 362 1378 in
392 1331 650 1378 obediendo
681 1331 906 1395 prompti,
948 1332 994 1378 in
1036 1332 1331 1381 observandis
1365 1334 1541 1397 legibus
1582 1333 1762 1390 attenti,
1804 1333 1850 1379 in

216 1406 424 1453 sedandis
447 1405 685 1453 affectibus
708 1407 841 1463 cauti,
866 1407 911 1452 in
936 1407 1233 1470 agnoscendis
1253 1409 1486 1454 erroribus
1510 1419 1555 1455 et
1578 1407 1849 1454 confitendis

217 1480 413 1542 publice,
433 1496 560 1526 more
580 1491 752 1538 nostro,
771 1480 1024 1544 diligentes,
1051 1481 1364 1529 honestissima
1389 1482 1571 1546 negotia
1588 1493 1633 1529 et
1650 1481 1849 1528 maxime

217 1554 291 1616 pia
314 1570 493 1616 semper
518 1565 715 1617 agentes.

283 1628 427 1689 Quod
474 1627 531 1673 ad
577 1626 726 1674 studia
771 1626 1024 1673 litterarum
1071 1627 1259 1686 attinet,
1297 1629 1499 1692 quinque
1537 1645 1592 1675 ex
1633 1627 1850 1675 fratribus

217 1712 531 1765 praeceptores
574 1712 680 1746 sunt
720 1700 883 1746 latinae
922 1700 1122 1764 linguae,
1149 1712 1239 1748 tres
1268 1702 1501 1766 discipuli(
1538 1703 1747 1766 Magnus
1786 1714 1854 1749 est

217 1786 469 1838 proventus
493 1774 801 1820 studiosorum
817 1812 828 1832 ‚
854 1774 981 1838 quod
1006 1775 1242 1835 miramur,
1267 1775 1353 1822 hoc
1384 1793 1503 1822 anno
1528 1786 1622 1822 tam
1647 1792 1784 1838 parco
1808 1787 1853 1822 et

217 1865 355 1896 avaro
380 1847 599 1912 frugum;
625 1860 760 1911 atque
793 1864 846 1894 eo
878 1848 1047 1911 magis,
1072 1849 1221 1912 quod,
1253 1850 1384 1896 nobis
1417 1849 1720 1914 frequentiam
1747 1849 1852 1896 nul-

217 1925 307 1970 lam
331 1923 644 1987 sperantibus,
671 1923 865 1986 contigit
889 1924 1221 1987 quinquaginta
1247 1925 1619 1971 scholasticorum
1643 1924 1850 1971 accessio.

215 1997 362 2061 Copia
386 2008 453 2043 est
476 1997 792 2043 excellentium
820 1997 1123 2061 ingeniorum.

283 2071 450 2119 Sedulo
475 2082 620 2135 agunt
644 2071 956 2118 moderatores
979 2082 1045 2128 ut,
1070 2083 1115 2118 et
1138 2071 1291 2118 studio
1314 2071 1514 2119 discendi
1544 2082 1590 2118 et
1619 2087 1727 2118 cura
1752 2087 1848 2117 ser-

220 2145 476 2193 vandarum
509 2146 683 2209 legum,
711 2146 908 2192 evadant
936 2145 1144 2209 discipuli
1174 2163 1220 2192 se
1250 2146 1455 2210 quotidie
1486 2145 1704 2192 meliores.
1734 2145 1847 2191 Ma-

218 2236 363 2283 gnum
390 2219 442 2265 fit
465 2219 683 2282 undique,
709 2218 896 2265 Christo
920 2220 1100 2283 gratias,
1124 2236 1288 2283 operae
1313 2220 1530 2283 pretium.
1564 2220 1700 2266 Festo
1725 2219 1850 2283 puri—

218 2293 441 2339 ficationis
473 2292 754 2339 beatissimae
784 2293 973 2356 virginis
1002 2293 1177 2357 agenda
1210 2305 1278 2340 est
1314 2294 1398 2340 illis
1429 2293 1682 2357 tragoedia,
1709 2310 1850 2357 quarn

222 2367 273 2414 P.
303 2366 559 2430 Dionysius
583 2366 831 2430 Vazquez,
856 2368 953 2431 ejus
976 2379 1156 2427 auctor,
1182 2367 1331 2414 multo
1360 2372 1464 2414 ante
1496 2368 1742 2425 docuisset,
1768 2367 1850 2414 nisi

220 2440 392 2487 abesset
425 2440 729 2487 commoditas
761 2452 1019 2503 apparatus.
1039 2443 1394 2505 vArgumentum
1426 2453 1666 2505 sumptum
1696 2452 1764 2487 est
1793 2458 1850 2488 ex

220 2514 371 2577 primo
391 2514 596 2578 Regum,
616 2514 671 2560 ab
692 2514 820 2561 initio
845 2515 971 2578 regni
989 2516 1184 2563 Davidis
1209 2517 1266 2563 ad
1285 2516 1471 2582 exilium
1489 2516 1704 2580 ejusdem.
1725 2516 1849 2562 Con·

219 2588 404 2634 fidimus
430 2588 518 2634 Dei
545 2587 851 2635 misericordia
875 2588 1090 2636 effectum
1114 2588 1227 2647 fore,
1253 2601 1305 2636 ut
1328 2601 1373 2636 et
1396 2590 1655 2636 animentur
1679 2601 1852 2635 actores

221 2662 303 2725 ipsi
329 2662 386 2709 ad
417 2662 703 2709 honestatem
733 2674 778 2708 et
804 2663 946 2710 bonas
973 2663 1164 2723 litteras,
1198 2676 1243 2711 et
1273 2676 1547 2728 spectatores
1576 2664 1771 2710 sentiant
1793 2663 1850 2711 de

221 2736 384 2783 nostris
409 2736 546 2782 rebus
571 2736 720 2782 multo
744 2737 881 2783 etiam
906 2737 1082 2785 melius·

284 2809 547 2856 Sacerdotes
565 2810 707 2856 nostri
726 2810 902 2874 collegii
923 2811 1122 2858 multum
1141 2811 1350 2857 laborant
1367 2810 1664 2858 ministranda
1681 2810 1848 2857 eucha-

222 2885 345 2931 ristia
368 2884 584 2932 confertis
608 2886 849 2933 hominum
874 2887 1181 2944 concionibus,
1206 2897 1251 2933 et
1273 2886 1509 2933 visitandis
1533 2886 1620 2933 reis
1643 2885 1848 2933 diverso-

278 3053 291 3079 ¹
347 3056 518 3093 Noverat
544 3057 756 3093 Gutierrius
783 3057 828 3093 de
848 3057 1000 3104 Vargas
1026 3057 1221 3103 Lainium‚
1244 3067 1364 3104 eoque
1391 3056 1628 3093 familiariter
1647 3066 1739 3093 usus
1766 3055 1843 3092 fue-

225 3121 293 3163 rat,
316 3128 401 3153 curn
424 3119 537 3155 ambo
558 3118 763 3155 tridentino
785 3118 950 3154 concilio
971 3119 1212 3156 interessent.
