2014 3528
788 279 812 318 4
841 277 996 306 APRILIS
1029 266 1130 319 1556
1646 274 1719 315 271
1738 279 1741 281 ·

146 384 288 431 sorte,
312 372 394 419 che
420 372 506 419 mai
534 389 606 419 me
633 371 660 418 l’
685 373 864 421 hauerei
891 385 1092 438 pensato:
1125 373 1222 421 cioe
1255 373 1318 421 dil
1353 372 1543 433 mondo,
1577 383 1623 419 et
1646 372 1691 419 di
1718 371 1776 418 ri-

145 448 280 512 spetti
305 449 349 495 in
375 447 522 512 questi
548 447 720 512 luoghi.

211 522 424 570 Parechie
448 521 628 569 famelie
659 523 832 587 integre
863 524 906 570 io
936 522 1158 583 confesso,
1184 542 1212 571 o
1244 523 1376 587 pochi
1410 522 1479 569 sin
1503 522 1612 568 hora
1640 538 1696 567 ue
1722 538 1778 567 ne

146 608 325 644 restano
349 597 393 644 in
418 597 729 644 ciascheduna:
758 598 786 645 li
815 599 860 645 di
887 599 1037 646 Mtro.
1064 598 1241 662 Iaphet,
1267 598 1391 656 tutti,
1417 597 1542 656 tutti,
1565 614 1589 643 e
1613 596 1775 660 spesis-

147 671 260 718 sime
280 670 401 718 uolte
426 671 513 735 giz‘u
535 671 560 717 li
581 671 644 718 dil
664 689 747 718 suo
767 671 959 730 fratello,
978 672 1126 736 cio[e]
1154 673 1303 719 Mtro.
1325 671 1536 718 Antonio
1557 669 1776 727 Bardella‚

147 745 269 802 tutti,
295 756 420 792 aceto
444 745 510 791 sin
538 745 649 791 hora
675 746 703 791 l'
730 746 884 793 istesso
909 746 1092 803 ucchi03
1118 738 1239 810 qual'
1270 746 1294 791 ὲ
1328 747 1440 808 pero
1473 755 1574 790 tuto
1600 755 1776 791 nostro:

147 819 174 865 li
199 820 256 866 de
278 818 462 876 Betelia,
487 819 515 866 il
542 820 702 866 uechio
726 821 782 867 de
806 820 928 884 quali
952 821 987 867 si
1011 819 1215 867 confessa
1240 819 1350 882 ogni
1377 818 1628 865 domenica.
1652 816 1778 863 Altri

146 893 420 957 particolari‚
443 894 540 940 cioe
564 894 608 941 di
634 895 782 942 Mtro.
810 894 968 941 Giulio
994 893 1154 952 Diolo‚
1182 893 1227 940 di
1256 893 1409 940 Mtro.
1437 892 1587 939 Gioan
1614 891 1671 938 de
1696 892 1778 937 Su-

147 983 309 1031 guran,
347 979 504 1014 nostro
536 968 702 1027 vicin0‚
743 969 788 1016 di
833 969 980 1016 Mtro.
1016 969 1123 1016 Pier
1154 967 1371 1026 Gioanni,
1402 967 1460 1013 de
1491 965 1719 1022 Bondeni‚
1750 965 1778 1011 il

146 1042 303 1106 signor
334 1043 528 1100 medico,
561 1042 659 1089 altri
691 1043 815 1100 assai,
850 1060 980 1090 come
1011 1044 1068 1090 de
1102 1042 1253 1090 Pasini
1286 1052 1405 1088 tutta
1438 1041 1478 1087 la
1509 1040 1710 1097 famelia,
1734 1050 1780 1086 et

148 1115 341 1163 multam
366 1116 563 1181 denique
587 1117 681 1163 sine
707 1117 891 1164 nomine
916 1116 1095 1181 plebem
1117 1116 1146 1163 ¹:
1167 1115 1397 1163 contadini
1423 1115 1552 1173 tanti,
1572 1115 1653 1160 che
1673 1114 1696 1159 ἐ
1715 1130 1779 1159 un

146 1200 322 1254 stupor,
347 1201 392 1237 et
416 1191 602 1238 masime
628 1209 718 1238 una
743 1191 937 1251 famelia,
963 1191 1115 1249 credo,
1140 1201 1261 1237 tutta
1284 1190 1329 1238 di
1356 1204 1420 1250 30
1444 1205 1635 1252 persone
1650 1205 1737 1234 con
1756 1204 1780 1234 e

147 1263 343 1312 fanciuli.
371 1265 459 1312 Ma
483 1276 606 1313 tutto
636 1283 719 1330 par
752 1266 888 1325 nulla,
913 1284 959 1313 se
993 1283 1084 1312 non
1115 1265 1290 1313 udirete
1314 1263 1476 1311 alcuno
1507 1263 1563 1310 de
1599 1273 1780 1309 contra-

147 1339 338 1395 riissimi‚
362 1357 492 1387 come
515 1357 591 1387 era
614 1339 750 1398 fama,
775 1342 872 1387 anci
898 1340 925 1387 il
950 1341 1119 1404 capide
1140 1340 1263 1397 tutti,
1283 1338 1544 1403 qualmente
1562 1338 1595 1384 si
1622 1338 1646 1383 e
1665 1354 1778 1384 con-

148 1412 314 1460 fessato
343 1430 428 1460 con
463 1414 635 1478 grande
668 1415 963 1473 contritione,
993 1414 1149 1478 pianto
1180 1425 1225 1460 et
1257 1413 1457 1460 lacrime:
1492 1424 1536 1458 et
1567 1421 1729 1475 questo
1755 1411 1779 1456 ἐ

148 1486 300 1535 Mtro.
326 1486 570 1535 Albertino
595 1488 838 1547 Scutelare,
865 1489 1039 1535 huomo
1063 1488 1120 1535 de
1145 1487 1280 1551 primi
1312 1486 1385 1534 del
1411 1485 1622 1542 conselio,
1652 1502 1779 1531 man-

152 1561 261 1607 dato
293 1560 581 1609 imbasciator
612 1562 693 1626 piu
726 1563 849 1610 uolte
881 1562 997 1610 dalla
1027 1562 1318 1609 comunitade
1349 1578 1374 1607 a
1406 1561 1596 1607 Ferrara
1629 1576 1710 1623 per
1740 1559 1781 1605 la

149 1653 229 1682 sua
253 1635 463 1700 loquella,
488 1648 534 1684 et
556 1637 661 1701 qual
685 1636 734 1683 fo
757 1637 802 1684 di
828 1637 962 1702 quelli
987 1636 1203 1685 distenuti
1229 1636 1275 1682 in
1303 1636 1341 1682 F
1344 1652 1508 1692 errara,
1533 1633 1719 1699 quando
1745 1633 1778 1679 si

149 1711 268 1756 trato
295 1710 343 1757 di
366 1711 535 1767 uenire,
563 1711 591 1758 il
618 1711 726 1758 filiol
749 1712 811 1759 dil
838 1712 969 1776 quale
994 1712 1061 1759 sin
1086 1712 1198 1758 hora
1222 1712 1246 1758 ὲ
1276 1728 1363 1757 con
1389 1710 1416 1756 l'
1449 1709 1567 1756 altro
1593 1719 1776 1755 mastro.

149 1783 195 1830 O
219 1784 405 1830 dextera
426 1785 632 1842 Domini,
659 1803 796 1849 quam
822 1786 998 1834 efficax:
1018 1786 1130 1850 quid
1153 1786 1187 1832 si
1206 1802 1263 1832 ex
1278 1784 1408 1831 Saule
1425 1784 1503 1830 fiet
1525 1781 1776 1847 apostolus?

150 1857 248 1924 Eco
273 1857 379 1904 fuor
402 1858 448 1905 di
473 1859 748 1906 sentimento
765 1861 950 1924 quando
969 1861 1040 1907 cio
1056 1859 1312 1906 considero:
1334 1875 1425 1904 non
1446 1858 1552 1904 tutti
1574 1857 1635 1921 gli
1662 1857 1775 1903 altri.

150 1933 329 1994 Questo
353 1933 417 1979 sol
446 1934 507 1980 mi
544 1934 726 1981 haueria
748 1952 926 1998 sempre
957 1935 1067 1982 dato
1100 1935 1180 1998 piu
1211 1945 1450 1998 spauento,
1475 1933 1557 1979 che
1581 1932 1643 1996 gli
1677 1931 1777 1978 altri

149 2006 347 2054 insieme.
376 2008 495 2054 Ecce
523 2008 755 2055 Dominus
787 2026 872 2072 pro
903 2009 1035 2056 nobis
1067 2010 1284 2056 aduersus
1309 2009 1504 2055 Satanan
1531 2018 1710 2071 pugnat
1733 2017 1778 2052 et

150 2080 304 2128 uincit.
333 2081 371 2127 F
374 2082 616 2130 inalmente
643 2083 755 2130 tanti
782 2095 826 2130 et
851 2084 925 2131 tali
951 2102 976 2130 a
1000 2085 1075 2131 noi
1101 2101 1330 2148 uengono,
1355 2083 1438 2130 che
1465 2084 1551 2129 mai
1573 2083 1607 2129 si
1629 2082 1778 2146 potria

132 2156 351 2205 credere:
376 2157 472 2204 anci
497 2174 553 2204 ne
576 2175 697 2204 uano
722 2159 823 2216 asai,
849 2159 951 2218 asai,
976 2160 1064 2217 uia,
1088 2160 1170 2206 che
1191 2177 1282 2206 non
1309 2159 1337 2205 li
1358 2176 1494 2222 posso
1519 2158 1776 2204 attendere:

149 2230 206 2276 ne
230 2247 381 2290 ancor,
405 2248 450 2277 se
474 2231 512 2278 ci
539 2231 670 2290 fosse,
690 2233 840 2290 credo,
868 2234 894 2279 6
919 2234 1153 2290 sacerdoti,
1178 2251 1315 2280 senza
1341 2251 1427 2280 me.
1458 2233 1519 2280 Et
1547 2249 1635 2296 pur
1668 2232 1777 2296 oggi

148 2304 192 2351 in
219 2304 500 2352 confessione
525 2307 587 2352 mi
611 2307 635 2353 ἐ
660 2317 777 2353 stato
803 2308 930 2354 detto
961 2309 1043 2354 che
1072 2308 1147 2372 gia
1171 2307 1348 2371 ogniun
1382 2308 1406 2353 ἐ
1441 2307 1527 2353 mal
1560 2317 1778 2353 contento

148 2379 194 2426 di
218 2379 369 2444 quello
393 2380 480 2427 han
512 2381 654 2438 dett0,
686 2392 731 2427 et
764 2382 870 2428 tutti
900 2382 938 2428 ci
969 2398 1132 2446 amano
1163 2382 1279 2428 della
1312 2392 1446 2438 terra,
1479 2392 1524 2427 et
1557 2380 1778 2427 bramano

147 2453 228 2500 che
254 2453 498 2501 habbiamo
522 2453 662 2519 luogo
689 2472 865 2518 capace,
897 2456 1063 2519 perche
1094 2456 1130 2502 si
1163 2472 1442 2503 amazarano
1474 2472 1554 2518 per
1583 2456 1714 2501 uenir
1753 2472 1778 2500 a

149 2527 224 2573 noi
248 2527 341 2591 qui.
369 2528 480 2575 Cosi
507 2529 634 2575 molti
659 2529 693 2575 si
717 2546 799 2575 son
822 2529 1060 2576 confessati
1085 2531 1129 2577 di
1162 2530 1302 2577 hauer
1333 2531 1461 2577 detto
1493 2529 1582 2575 mal
1611 2529 1657 2576 di
1684 2529 1775 2587 noi,

147 2613 192 2648 et
216 2619 271 2648 ne
290 2603 442 2649 hanno
465 2604 680 2651 chieduto
699 2604 923 2667 perdono,
947 2617 1029 2652 etc.
1058 2606 1180 2668 Qual
1205 2616 1323 2652 tutte
1350 2623 1452 2652 cose
1476 2606 1595 2652 dano
1620 2605 1677 2651 ad
1710 2606 1777 2651 in-

149 2677 336 2723 tendere
360 2677 404 2723 in
430 2679 575 2742 poche
599 2679 766 2742 parole,
791 2679 873 2726 che
898 2697 922 2725 a
943 2680 1102 2726 nisuna
1127 2680 1256 2744 guisa
1282 2681 1358 2727 uol
1384 2680 1487 2727 Idio
1505 2680 1587 2726 che
1608 2680 1641 2726 si
1660 2680 1776 2743 parti

147 2748 190 2795 la
214 2750 515 2815 Compagnia‚
542 2769 615 2799 ma
638 2753 671 2799 si
699 2754 801 2800 uedi
826 2754 871 2801 di
899 2754 1038 2801 hauer
1060 2754 1190 2801 luoco
1216 2771 1307 2801 con
1331 2754 1360 2801 il
1381 2754 1515 2801 melio
1537 2754 1677 2801 modo
1696 2754 1778 2800 che

148 2823 183 2869 si
209 2826 355 2887 potr-a,
375 2842 466 2872 non
486 2826 814 2890 risguardando
834 2827 873 2874 al
895 2827 984 2875 fine
1009 2846 1032 2874 a
1051 2829 1140 2875 due
1155 2846 1183 2875 o
1201 2839 1270 2875 tre
1290 2828 1404 2875 male
1423 2829 1592 2892 lingue,
1613 2828 1775 2892 poiche

151 2899 224 2944 noi
249 2898 627 2962 riprenderesimo
651 2900 798 2959 altrui,
823 2918 868 2948 se
889 2919 980 2949 non
999 2914 1166 2949 stesero
1184 2904 1424 2961 constanti,
1445 2903 1617 2950 ueduto
1635 2903 1663 2949 il
1685 2902 1776 2949 bon

149 2972 302 3019 animo
332 2973 378 3020 di
410 2975 538 3032 tanti,
568 2986 613 3022 et
651 2976 776 3040 quasi
806 2977 928 3024 tutti.
964 2977 1026 3024 Et
1055 2978 1207 3036 credo,
1240 2989 1379 3035 certo,
1412 2978 1494 3024 che
1527 2976 1568 3023 la
1594 2988 1711 3023 terra
1740 2976 1773 3022 s'

204 3132 216 3157 ¹
277 3137 359 3173 ‹Ac
378 3138 535 3175 multam
554 3138 594 3174 in
611 3139 738 3176 medio
755 3139 836 3176 sine
857 3140 1010 3177 nomine
1030 3140 1220 3187 plebem.»
1239 3141 1354 3177 VIRG.
1372 3136 1594 3185 Aeneidos,
1612 3147 1668 3185 IX,
1684 3148 1773 3185 343.
