2014 3528
324 252 400 302 336
792 251 1027 290 prs'romn
1056 252 1298 292 Momm-1
1311 265 1383 304 140

267 357 344 403 Yo
366 374 425 403 no
452 356 494 403 lo
518 356 692 403 escribo
718 359 744 404 a
767 357 806 403 S.
839 357 896 414 S„
924 374 1009 420 por
1039 358 1194 404 averlo
1226 359 1405 406 tratado
1429 376 1512 406 con
1539 376 1592 406 su
1618 360 1801 419 nun9'10.
1832 360 1900 408 La

266 431 499 477 breuedad
524 431 650 478 deste
676 432 870 495 negocio
894 449 945 478 os
969 433 1270 480 encomiendo
1295 434 1479 493 mucho,
1501 451 1677 499 pot-que
1703 435 1746 481 lo
1764 435 1901 482 deseo

265 505 619 562 terriblemente‚
651 523 680 568 y
704 506 924 553 conviene
955 523 1047 569 asy,
1073 523 1181 570 para
1210 523 1299 571 que
1325 519 1421 555 esto
1453 525 1498 554 se
1529 507 1707 556 efectfie
1741 510 1899 575 mejor.

266 581 334 626 Os
359 597 504 643 ruego
548 580 716 626 mucho
757 597 808 626 os
841 581 1045 627 acordeis
1076 598 1130 627 en
1173 593 1378 628 vuestras
1418 582 1654 642 oraciones
1686 583 1743 630 de
1767 601 1901 630 enco-

267 654 496 701 mendallo
517 653 531 680 ¹
565 671 676 718 muy
707 655 764 702 de
798 672 927 702 veras
959 657 984 702 a
1015 666 1203 702 nuestro
1244 657 1407 714 Sefior,
1439 674 1467 720 y
1501 657 1686 704 tanbien
1717 675 1768 704 os
1792 659 1902 722 pido

266 745 356 793 que
385 746 441 775 en
483 740 575 776 este
605 727 621 753 ²
650 729 824 793 tiempo
865 746 916 776 os
956 731 1161 777 acor-deis
1197 731 1253 778 de
1287 748 1364 794 my
1401 730 1431 779 ³.
1476 732 1548 778 De
1590 731 1848 780 Valladolid
1877 735 1902 779 a

266 820 425 851 xxvffl
450 804 507 851 de
534 804 683 852 Maio.

1352 879 1426 926 LA
1454 896 1704 941 PRINQESA.

333 989 586 1051 Inscriptio:
621 989 653 1050 -ζ-
682 974 996 1052 [ΑΙ-όενοῂο
1027 989 1175 1037 Padre
1207 985 1405 1037 maestro
1441 990 1696 1055 [Ignatio],-
1721 992 1901 1056 general

268 1063 325 1109 de
350 1063 391 1109 la
415 1062 675 1127 Compafiia
698 1063 754 1110 de
779 1063 877 1123 Jhs.

322 1228 334 1254 ¹
393 1230 464 1267 Ms.
488 1226 843 1267 dencomendallo.

321 1291 337 1316 2
391 1294 464 1329 Ms.
486 1303 593 1342 quen
613 1295 708 1330 este.

320 1353 335 1379 ³
391 1356 595 1402 Audiatur,
611 1355 658 1391 de
677 1356 748 1392 hac
767 1366 806 1391 re
828 1355 1014 1401 scribens,
1035 1355 1244 1401 POLANCO,
1263 1358 1288 1391 t.
1307 1363 1366 1400 VI,
1383 1365 1470 1401 pag.
1488 1355 1577 1401 648,
1595 1365 1630 1392 n.
1651 1355 1766 1403 2787,
1785 1355 1898 1403 2788:

272 1419 331 1455 «A
350 1419 526 1464 Principe
546 1418 709 1463 Joanna,
728 1428 845 1453 manu
867 1417 1032 1464 propria,
1052 1417 1203 1453 litterae
1224 1417 1390 1463 scriptae
1410 1417 1564 1453 fuerunt
1582 1416 1621 1454 P.
1642 1417 1805 1464 Ignatio,
1821 1417 1901 1464 qui-

269 1483 339 1518 bus
366 1491 602 1528 magnopere
634 1481 667 1517 ei
698 1480 996 1516 commendabat
1025 1484 1068 1516 ut
1097 1479 1427 1526 dispensationem
1456 1480 1662 1527 quamdam
1690 1491 1711 1516 a
1742 1480 1901 1516 Summo

270 1545 457 1581 Pontifice
485 1545 724 1590 impetraret,
748 1547 788 1579 ut
815 1543 860 1580 D.
888 1543 1021 1579 Petrus
1048 1543 1095 1579 de
1122 1543 1281 1590 Borgia,
1304 1543 1491 1590 Magister
1516 1543 1663 1579 ordinis
1688 1543 1901 1588 Montesae,

268 1618 430 1644 uxorem
451 1608 590 1643 ducere
612 1611 744 1652 posset
770 1606 817 1642 D.
839 1600 1055 1642 Leonoram
1076 1606 1252 1653 Manuel‚
1274 1617 1371 1652 quae
1393 1606 1490 1643 inter
1510 1606 1608 1642 alias
1629 1606 1779 1643 nobiles
1799 1606 1903 1642 Prin·

269 1671 345 1717 cipi
370 1671 544 1707 Joannae
567 1670 793 1706 charissima
819 1674 855 1705 et
884 1680 1057 1706 summae
1086 1670 1326 1706 auctoritatis
1354 1674 1448 1707 erat.
1470 1669 1632 1715 Scripsit
1660 1673 1696 1705 et
1722 1669 1803 1715 ipse
1824 1669 1903 1704 Ma-

269 1734 388 1779 gister
407 1733 624 1777 Montesae,
642 1732 706 1778 qui
727 1732 765 1767 in
786 1732 915 1768 studio
938 1736 974 1767 et
995 1732 1241 1769 observantia
1262 1743 1353 1779 erga
1372 1733 1411 1769 P.
1430 1732 1620 1779 Ignatium
1639 1732 1679 1769 P.
1696 1731 1903 1768 Francisco

271 1797 453 1844 Borgiae,
475 1806 549 1832 suo·
566 1795 694 1840 fratri,
716 1805 756 1831 se
777 1805 855 1830 non
876 1795 1012 1831 cedere
1040 1794 1269 1832 affirmabat.
1298 1795 1398 1831 Ante
1424 1796 1463 1831 id
1490 1798 1640 1841 tempus
1660 1794 1803 1831 milites
1823 1795 1904 1841 ejus

271 1859 419 1896 ordinis
439 1869 579 1895 uxores
599 1868 675 1894 non
696 1858 874 1902 ducebat,
892 1857 1069 1904 quamvis
1090 1858 1228 1894 militia
1249 1857 1395 1894 ordinis
1411 1857 1653 1904 Calatravae,
1671 1858 1780 1904 cujus
1799 1857 1905 1894 velut

271 1922 351 1958 filia
372 1926 453 1958 erat
474 1921 611 1968 religio
632 1921 797 1957 militum
819 1920 1033 1968 Montesae,
1052 1931 1136 1956 eam
1158 1921 1485 1967 dispensationem
1507 1921 1749 1966 obtinuisset;
1766 1924 1803 1956 et
1823 1931 1905 1967 par-

272 1986 339 2021 tim
362 1987 411 2022 ob
434 1984 809 2021 commendationem
830 1984 1018 2030 Principis
1037 1984 1222 2030 Joannac,
1244 1984 1382 2030 partim
1404 1984 1442 2020 in
1463 1985 1626 2031 gratiam
1647 1985 1686 2022 P.
1707 1984 1903 2020 Francisci

272 2048 447 2095 Borgiae,
466 2048 530 2094 qui
553 2048 627 2084 hoc
648 2047 933 2083 matrimonium
952 2048 1001 2083 ad
1021 2047 1092 2083 Dei
1112 2047 1274 2094 gloriam
1297 2046 1375 2083 fore
1398 2047 1591 2094 censebat,
1608 2047 1811 2093 diligenter
1832 2046 1905 2082 hoc

272 2113 467 2158 negotium
485 2112 628 2148 Romae
649 2111 690 2148 P.
706 2110 879 2157 Ignatius
900 2114 1112 2156 curaverat;
1130 2115 1166 2147 et
1187 2110 1363 2157 quamvis
1384 2122 1405 2146 a
1425 2110 1546 2146 Paulo
1565 2110 1620 2146 IV
1638 2114 1728 2146 tunc
1748 2110 1905 2145 obtenta

271 2186 349 2211 non
371 2175 485 2211 fuerit
512 2174 768 2220 dispensatio,
790 2183 860 2209 nec
881 2173 1065 2220 quamdiu
1090 2173 1187 2208 vixit
1212 2173 1250 2209 P.
1272 2173 1463 2219 Ignatius;
1487 2173 1557 2208 fuit
1578 2173 1624 2208 ab
1647 2173 1780 2209 eadem
1802 2172 1904 2208 Prin-

272 2240 356 2285 cipe
376 2239 477 2275 Patri
499 2238 653 2285 Laynez
674 2238 746 2273 hoc
766 2237 965 2283 negotium
988 2237 1313 2282 commendatum,
1336 2239 1373 2271 et
1393 2246 1469 2272 non
1490 2247 1577 2272 cum
1597 2236 1737 2282 exiguo
1757 2235 1902 2281 labore,

272 2302 374 2347 quod
396 2301 608 2347 petebatur,
631 2300 787 2335 tandem
810 2299 1010 2334 obtentum
1032 2297 1362 2335 est.»—Litterae
1383 2298 1483 2334 Petri
1505 2297 1691 2334 Ludovici
1715 2297 1902 2333 Galceran

273 2365 319 2399 de
347 2363 479 2410 Borja,
501 2372 661 2409 quarum
684 2361 857 2397 meminit
883 2361 1072 2403 Polanco,
1100 2361 1225 2396 editae
1252 2364 1341 2396 sunt
1368 2360 1407 2396 in
1433 2360 1576 2396 nostris
1603 2360 1903 2405 MONUMENTIS,

273 2425 384 2463 Slus.
403 2423 656 2463 Francz'scus
672 2422 854 2475 Borgia,
877 2428 902 2460 t.
923 2433 949 2470 1,
971 2435 1058 2471 pag.
1081 2432 1143 2469 44;
1165 2433 1240 2469 quo
1261 2423 1299 2459 in
1321 2433 1448 2469 opere,
1470 2433 1556 2469 pag.
1579 2423 1766 2469 432-461,
1784 2423 1905 2458 multa

275 2491 321 2525 de
343 2490 542 2535 praeclaro
563 2489 636 2524 hoc
658 2489 739 2523 viro
762 2498 807 2523 ex
828 2487 1079 2534 scriptoribus
1101 2486 1312 2532 hispanicis
1332 2486 1575 2532 protulimus,
1598 2486 1721 2532 'deque
1743 2485 1904 2521 inimici-

275 2553 337 2588 tiis
370 2553 466 2588 inter
498 2551 760 2588 nobilissimas
789 2550 954 2586 familias
984 2549 1143 2595 exortis,
1175 2550 1221 2584 ad
1255 2559 1352 2595 quas
1384 2549 1576 2584 sedandas
1605 2548 1777 2585 conferre
1807 2548 1902 2584 illud

275 2616 562 2652 matrimonium
584 2614 822 2652 censebatur.
