2008 3510
732 269 780 308 18
808 269 1022 309 Ocromus
1053 280 1155 321 1549
1623 268 1701 318 687

122 393 286 440 parum
320 373 467 422 abfuit
497 376 609 438 quin
642 375 728 421 hoc
762 375 806 421 in
849 373 1080 420 Marrocis
1114 389 1219 419 cum
1255 371 1410 418 multis
1442 371 1536 418 aliis
1568 370 1755 430 faceret;

122 468 283 509 quare,
316 467 371 496 ne
408 449 455 496 id
492 449 734 508 accideret,
770 449 827 495 ab
858 449 935 506 iis,
966 449 1046 513 qui
1083 464 1190 495 eum
1227 458 1432 494 emerant
1468 447 1754 511 remigationi

122 526 422 583 destinantes,
447 540 534 588 ego
561 524 749 571 redemi.
776 525 848 572 De
873 525 960 571 hoc
985 524 1151 571 certior
1175 522 1320 570 factus
1349 539 1451 569 sum
1482 540 1562 586 per
1585 523 1754 571 litteras

125 600 181 646 ab
214 598 392 645 Aloisio
424 598 677 656 Gonzales,
709 599 755 644 in
787 598 953 663 quibus
985 599 1120 645 etiam
1154 597 1351 660 scripsit,
1382 614 1427 642 se
1461 598 1548 643 iam
1580 614 1666 660 pro
1698 615 1753 644 eo

125 673 422 720 eleemosinae
453 684 630 735 partem
663 673 826 719 habere
858 673 902 719 in
928 673 1098 735 Cepta,
1126 671 1312 718 alteram
1345 688 1369 717 e
1401 670 1585 717 Castilia
1617 688 1752 735 expe-

126 758 261 806 ctare,
280 760 323 793 et
352 747 593 810 (quoniam
620 764 703 810 pro
730 747 883 793 multis
907 747 1000 792 aliis
1024 745 1316 792 eleemosinas
1338 745 1604 808 collegerat)
1627 745 1754 808 quod

127 821 183 868 ad
228 838 301 867 me
341 821 574 877 attineret,
599 821 710 867 nihil
747 820 1170 884 praetermitterem.
1209 819 1366 881 Quare
1405 819 1513 864 mihi
1546 818 1752 882 profecto

130 896 311 943 viderer
334 906 491 942 contra
515 895 604 941 Dei
623 896 909 942 voluntatem
935 893 1093 951 facere,
1118 894 1151 940 si
1178 892 1442 939 huiusmodi
1463 893 1752 955 captiuorum

127 970 302 1028 animis,
321 970 600 1017 damnationi
627 970 688 1016 ita
710 969 933 1026 obnoxiiS,
957 980 1181 1032 quantum
1203 968 1247 1013 in
1273 984 1346 1013 me
1369 979 1502 1024 esset,
1529 984 1620 1013 non
1645 984 1753 1014 con-

126 1044 333 1091 sulerem.

193 1119 318 1166 Inter
341 1119 545 1182 captiuos
568 1118 754 1183 juuenis
784 1128 879 1164 erat
909 1134 1072 1181 genere
1105 1116 1293 1174 nobilis,
1325 1132 1382 1162 ex
1414 1115 1569 1162 Ebora
1598 1114 1754 1161 oriun-

127 1194 229 1251 dus,
253 1194 380 1240 cuius
406 1210 538 1239 causa
562 1208 854 1255 summopere
878 1191 1064 1256 quidem
1090 1190 1308 1254 angebar;
1327 1206 1411 1252 pro
1433 1207 1487 1235 eo
1506 1189 1629 1235 enim
1654 1188 1755 1252 plus

128 1283 225 1328 300
252 1269 394 1315 vnciis
418 1267 642 1331 argenteis
665 1266 959 1325 offerebatur,
992 1277 1037 1312 et
1070 1276 1310 1328 propterea
1333 1264 1556 1327 quosdam
1589 1263 1755 1310 allocu-

131 1354 205 1388 tus
229 1359 353 1399 sum,
378 1353 430 1389 vt
452 1341 678 1389 castellani
703 1341 945 1404 praepositi
973 1356 1164 1386 vxorem
1189 1349 1418 1401 rogarent,
1445 1354 1499 1384 ne
1523 1348 1755 1401 pateretur

129 1432 236 1462 eum
260 1433 285 1462 a
308 1415 446 1462 turcis
469 1415 784 1478 transportari.
814 1414 893 1461 Illa
916 1431 1027 1460 vero
1051 1415 1202 1461 statim
1224 1428 1319 1474 300
1339 1414 1490 1460 vncias
1516 1414 1649 1470 misit,
1676 1414 1754 1460 sed

128 1487 296 1536 frustra
321 1489 505 1536 tandem
531 1488 856 1544 laborauimus,
882 1489 1099 1552 quoniam
1125 1501 1276 1535 turcae
1301 1504 1407 1533 eum
1431 1504 1582 1533 secum
1610 1488 1753 1534 duxe-

128 1574 256 1621 runt,
288 1563 414 1627 quod
446 1562 556 1609 mihi
590 1579 811 1626 perquam
843 1579 982 1626 graue
1013 1564 1192 1620 accidit3
1227 1575 1272 1610 et
1303 1573 1544 1625 propterea
1581 1562 1657 1608 vni
1698 1579 1754 1608 ex

126 1637 351 1686 castellani
377 1637 491 1694 filiis,
516 1647 625 1683 natu
652 1637 826 1694 maiori,
842 1637 919 1700 qui
939 1654 1042 1683 cum
1066 1637 1221 1684 multis
1240 1636 1334 1683 aliis
1355 1637 1522 1682 mauris
1540 1636 1624 1683 illic
1644 1648 1752 1693 erat,

62 1698 71 1708 '
128 1712 336 1758 dolorem
364 1728 517 1757 meum
541 1710 787 1769 declarans,
814 1728 885 1758 me
901 1728 1193 1775 summopere
1211 1711 1363 1756 mirari
1384 1709 1607 1769 dicebam,
1627 1711 1754 1775 quod

128 1785 187 1831 illi
214 1796 492 1847 paterentur,
518 1797 568 1829 ut
593 1795 746 1830 turcae
771 1784 923 1830 uirum
949 1784 1074 1830 illum
1101 1785 1412 1843 christianum,
1438 1801 1522 1848 pro
1546 1801 1639 1848 quo
1665 1797 1753 1831 tre-

127 1870 278 1904 centas
316 1857 398 1920 ipsi
438 1857 590 1903 vncias
627 1870 860 1920 argenteas
897 1857 1179 1916 offerebant,
1219 1859 1512 1905 nihilominus
1548 1859 1753 1906 venalem

127 1943 428 1995 exponerent.
455 1931 679 1977 Dicebam
706 1935 904 1995 insuper,
929 1932 961 1978 si
989 1933 1074 1979 hoc
1108 1933 1226 1980 inter
1251 1933 1423 1980 nobiles
1450 1933 1754 1997 Portugalliae

130 2006 252 2053 viros
277 2005 520 2062 accidisset,
546 2004 703 2051 maiori
730 2006 864 2052 etiam
891 2006 1042 2069 precio
1067 2007 1281 2054 iuuenem
1307 2007 1434 2054 illum
1454 2007 1678 2064 emissent,
1705 2018 1755 2053 vt

117 2098 154 2127 *a
178 2093 408 2127 turcarum
435 2080 644 2126 manibus
667 2079 953 2127 liberaretur.
988 2080 1050 2126 Et
1083 2081 1234 2145 (quod
1258 2082 1385 2144 peius
1417 2082 1536 2143 erat)
1564 2081 1635 2127 ille
1661 2082 1755 2144 ipse

129 2154 353 2201 castellani
378 2154 497 2200 filius
520 2153 688 2200 sciebat
711 2154 767 2200 ad
792 2170 929 2217 quem
961 2154 1098 2200 finem
1136 2166 1288 2202 turcae
1318 2156 1514 2202 eundem
1541 2156 1753 2201 iuuenem

130 2240 350 2287 tenerent,
377 2228 592 2274 nimirum
615 2227 692 2274 illo
718 2239 811 2273 tam
836 2228 1012 2274 enormi
1040 2241 1223 2291 peccato
1248 2229 1401 2286 illecti,
1426 2230 1551 2293 quod
1577 2229 1755 2292 publice

131 2303 187 2349 ab
220 2302 434 2349 omnibus
465 2301 559 2348 sine
593 2302 682 2347 ulla
714 2302 911 2359 ratione,
948 2314 1124 2364 praeter
1156 2303 1299 2350 multa
1331 2303 1415 2350 alia
1448 2304 1644 2350 maxime
1676 2304 1754 2350 de-

131 2376 364 2433 testabilia,
388 2376 712 2423 committitur:
741 2376 861 2422 unde
886 2392 972 2439 ego
998 2394 1022 2422 a
1044 2377 1148 2423 Deo
1172 2389 1429 2424 extremum
1457 2377 1540 2423 illis
1563 2378 1753 2424 exitium

131 2450 437 2514 expectabam.

197 2525 278 2572 Ille
298 2538 450 2572 tamen
469 2526 547 2570 has
566 2541 590 2570 a
610 2541 680 2570 me
698 2524 882 2571 iniurias
895 2524 1089 2589 aliasque
1106 2538 1334 2587 praeterea
1353 2526 1569 2572 sustinere
1589 2542 1752 2589 parum

132 2600 384 2646 admodum
418 2610 566 2656 curat,
601 2597 772 2644 etiamsi
807 2598 1005 2662 alioquin
1041 2599 1152 2645 mihi
1189 2600 1483 2646 amicissimus
1525 2600 1752 2656 videatur3

133 2674 210 2736 qui
240 2672 549 2736 superioribus
577 2671 736 2718 diebus
767 2672 940 2736 aliquot
973 2672 1083 2718 mihi
1114 2686 1240 2720 scuta
1271 2686 1435 2720 mutuo
1467 2674 1667 2732 dederit,
1709 2686 1754 2720 et

133 2764 263 2810 saepe
289 2764 361 2793 me
388 2758 538 2803 uocat,
573 2745 735 2809 aliique
765 2745 860 2792 eius
891 2744 1074 2806 fratres,
1108 2759 1159 2794 ut
1189 2765 1367 2795 mecum
1399 2748 1455 2794 de
1486 2747 1584 2811 lege
1617 2749 1753 2795 disse-

134 2833 255 2879 rant,
280 2833 326 2867 et
348 2821 478 2885 pauci
502 2831 609 2866 sunt
638 2820 734 2865 dies
762 2836 865 2865 cum
899 2819 958 2866 illi
990 2820 1106 2867 inter
1136 2821 1449 2869 disserendum
1479 2822 1596 2870 dixi:
1623 2824 1754 2885 Quo-

134 2911 242 2941 nam
268 2895 409 2941 modo
433 2894 527 2940 fieri
553 2905 717 2956 posset,
742 2904 795 2939 vt
819 2894 863 2939 in
888 2911 956 2953 eo,
982 2911 1120 2959 quem
1145 2896 1207 2942 illi
1230 2897 1388 2944 dicunt
1412 2897 1686 2959 paradisum,
1711 2909 1756 2944 et

135 2985 301 3032 magna
325 2968 477 3031 butyri
508 2967 637 3030 copia
666 2979 711 3014 et
740 2967 845 3032 equi
876 2980 921 3015 et
950 2969 1150 3033 virgines
1179 2972 1506 3027 inuenirentur,
1537 2972 1755 3034 quemad-

135 3043 329 3090 modum
364 3043 409 3088 in
439 3058 597 3088 eorum
629 3042 838 3090 alcorano
868 3043 1087 3107 scriptum
1118 3056 1205 3102 est,
1230 3063 1336 3092 oum
1360 3062 1445 3109 pro
1468 3057 1592 3092 certo
1616 3045 1755 3091 sciant

135 3118 331 3164 animam
359 3127 559 3164 nostram
583 3133 675 3163 esse
698 3116 924 3180 spiritum,
949 3130 1000 3165 ut
1027 3118 1073 3165 in
1096 3119 1316 3167 cadauere
1341 3119 1495 3166 uidere
1519 3119 1635 3176 licet,
1660 3119 1754 3182 ipsa
