2014 3528
321 286 396 325 322
785 273 1022 314 EpisToLAE
1051 275 1383 326 MIXTAE—1134

265 380 539 426 facillmente
565 397 651 426 con
678 381 717 427 S.
745 380 784 426 S.
812 392 857 427 et
881 381 908 427 il
943 398 991 427 re
1015 382 1071 428 de
1107 382 1287 428 Franza
1310 381 1320 406 ¹
1346 381 1384 428 la
1413 381 1611 428 darebbe
1634 398 1659 428 a
1683 381 1723 428 la
1754 381 1898 428 Com-

265 454 450 518 pagnia‚
475 471 502 500 o
537 453 727 518 qualche
753 454 865 500 altra
897 455 1083 502 meliore
1113 456 1158 502 di
1183 469 1354 520 questa.
1388 457 1565 518 Questa
1595 456 1729 519 giesa,
1756 473 1898 503 ouero

265 528 539 574 monasterio
564 529 608 575 di
645 540 798 575 nostra
827 529 982 575 donna
1011 530 1069 577 de
1104 530 1341 589 Foruiero‚
1367 531 1391 576 ἐ
1416 531 1580 577 dentro
1613 530 1652 576 la
1683 547 1812 576 mura
1841 531 1899 577 de

266 603 436 661 Lione,
463 603 507 649 in
534 603 778 650 bellissimo
808 621 881 650 are
912 616 958 650 et
984 604 1201 668 megliore
1225 605 1270 651 di
1299 606 1474 667 Lyone;
1502 606 1526 651 ἐ
1551 605 1640 651 ben
1673 621 1784 651 uero
1809 621 1899 666 que

265 678 288 723 ὲ
314 694 375 723 vn
401 694 517 740 poco
543 678 738 725 discosta
761 678 821 725 dil
847 696 1069 725 concurso
1096 690 1141 726 et
1164 696 1305 742 corpo
1329 680 1429 727 dela
1453 681 1577 727 cittii.

331 752 403 798 De
429 752 540 799 altre
559 770 661 799 cose
681 770 772 800 non
798 752 898 799 faro
926 754 1169 811 mentione,
1196 755 1548 801 remettendomi
1570 771 1594 800 a
1615 754 1768 801 Mtr0.
1794 753 1899 800 Gie-

264 844 462 890 ronymo
494 838 539 873 et
572 827 722 875 Mtro.
759 827 970 879 Roberto
991 827 1021 886 ²,
1054 829 1184 875 sinon
1216 845 1305 893 que
1335 846 1396 892 yo
1425 841 1496 875 sto
1527 828 1570 874 in
1601 845 1700 875 casa
1730 828 1774 874 di
1810 828 1896 874 mei

266 902 464 964 parenti,
499 919 580 964 per
612 903 868 966 ricuperare
899 903 1042 949 sanita
1073 903 1173 949 dela
1197 904 1287 949 mia
1319 903 1478 967 'doglia
1507 903 1569 950 dil
1596 920 1731 966 capo,
1763 914 1808 948 et
1837 902 1896 948 mi

264 975 453 1034 ritrouo,
482 976 518 1021 la
547 977 639 1022 Dio
664 977 830 1040 gratia,
862 977 970 1023 assai
1008 978 1174 1040 meglio
1200 995 1288 1041 que
1317 994 1407 1023 non
1439 976 1594 1023 faceua
1624 978 1668 1023 in
1702 976 1829 1023 Italia
1854 976 1897 1022 ni

264 1051 459 1114 Spagna‚
484 1051 529 1096 di
555 1063 675 1097 sorte
694 1068 782 1115 que
801 1051 903 1098 dico
925 1053 1016 1098 mio
1041 1053 1186 1098 offitio
1210 1064 1254 1098 et
1280 1069 1422 1098 messa
1446 1051 1486 1098 le
1512 1051 1592 1115 piu
1613 1051 1736 1097 uolte
1761 1067 1899 1097 senza

264 1125 512 1188 preiudicio
533 1125 603 1172 del
629 1143 755 1189 capo.
782 1126 1032 1189 Spettiamo
1056 1127 1163 1190 ogni
1190 1127 1238 1173 di
1260 1126 1394 1191 quelli
1416 1143 1505 1190 que
1532 1127 1682 1172 hanno
1702 1143 1726 1171 a
1745 1125 1899 1172 venire

265 1200 312 1245 di
335 1200 489 1245 Roma
506 1217 592 1246 con
617 1201 838 1247 desiderio
858 1202 1041 1264 grande.
1063 1202 1082 1247 Ι
1104 1202 1233 1248 amici
1258 1212 1302 1247 et
1327 1201 1501 1264 parenti
1528 1201 1668 1246 nostri
1693 1199 1730 1246 ci
1757 1199 1900 1245 aiuta-

265 1273 471 1320 rebbono
496 1275 574 1338 qui
599 1292 623 1320 a
646 1275 754 1338 ogni
781 1292 898 1323 cosa.
928 1276 1042 1336 Jesu
1077 1278 1206 1340 Xpo.
1238 1292 1310 1321 sea
1334 1292 1513 1337 sempre
1538 1274 1640 1320 nelli
1665 1274 1791 1320 cuori
1819 1290 1901 1319 no-

265 1348 365 1404 stri,
397 1361 442 1394 et
466 1366 683 1395 conserue
709 1350 769 1398 V.
797 1350 858 1396 R.
887 1349 1028 1413 longo
1059 1364 1217 1414 tempo
1244 1350 1289 1396 in
1316 1367 1400 1396 suo
1425 1361 1554 1396 santo
1584 1348 1799 1412 seruigio.
1829 1349 1901 1394 De

267 1425 413 1471 Lione
437 1442 461 1471 a
485 1444 518 1485 4
540 1427 597 1473 de
624 1426 774 1489 Mayo
807 1427 939 1488 1556.
977 1426 1170 1473 Serebbe
1196 1424 1309 1471 bene
1333 1425 1415 1470 che
1440 1424 1468 1470 il
1495 1440 1613 1487 papa
1637 1440 1692 1470 ne
1719 1422 1897 1487 pai-lassi

265 1499 305 1544 al
335 1499 471 1547 Rmo.
498 1500 724 1547 cardinale
748 1500 804 1546 de
831 1501 1043 1548 Tornon.
1071 1501 1135 1547 D.
1168 1500 1230 1546 V.
1263 1500 1323 1546 R.
1349 1515 1484 1545 seruo
1512 1498 1687 1556 inutile,

1284 1583 1472 1628 Pmao
1510 1582 1736 1629 CANALE.

331 1697 582 1759 Inscriptio:
609 1697 711 1757 jhs.
740 1696 800 1742 Al
827 1696 971 1743 molto
1002 1696 1121 1743 Rdo.
1149 1695 1194 1741 in
1221 1696 1304 1742 X.⁰
1330 1695 1501 1753 Padre,
1535 1695 1685 1742 Mtro.
1720 1694 1902 1757 Ignatio

266 1773 322 1818 de
344 1772 535 1835 Loyola,
562 1771 794 1835 preposito
817 1770 1024 1835 generale
1042 1770 1098 1816 de
1119 1769 1159 1814 la
1180 1768 1471 1836 Compagnia
1489 1769 1532 1814 di
1558 1768 1689 1828 Jesu,
1715 1783 1899 1830 appres-

267 1863 316 1892 so
342 1847 437 1893 St0.
471 1847 658 1904 Marco,
683 1862 707 1891 a
729 1845 819 1892 Sta.
854 1845 1006 1891 Maria
1035 1844 1092 1890 de
1125 1843 1306 1901 Sti-ada,
1339 1843 1383 1888 in
1415 1843 1579 1889 Roma.
1613 1843 1722 1888 Alia
1746 1857 1899 1888 manu:

272 1920 367 1966 Rsta
401 1920 471 1965 alli
501 1934 559 1978 24
585 1920 656 1966 del
683 1918 946 1965 medesimo.

270 2088 442 2133 capellae
464 2088 631 2135 regiae...
654 2088 744 2136 Ejus
768 2088 957 2134 sapientia
979 2087 1168 2134 singulari
1190 2088 1292 2134 apud
1308 2087 1487 2123 Carolum
1504 2086 1539 2121 V
1561 2085 1598 2121 in
1619 2084 1808 2131 Hispania
1827 2095 1903 2131 pax

271 2152 417 2187 sancita
441 2157 497 2187 est
520 2152 688 2197 Madriti,
709 2162 776 2198 pro
797 2151 1024 2188 liberatione
1041 2150 1237 2187 Francisci
1258 2151 1286 2196 Ι,
1303 2160 1374 2186 nec
1391 2149 1530 2185 minori
1550 2148 1708 2184 solertia
1727 2152 1903 2184 versatus

270 2218 327 2249 est
353 2215 454 2259 apud
481 2215 578 2250 alios
607 2214 780 2260 Europae
812 2215 1042 2261 principes...
1073 2214 1163 2250 Rem
1199 2214 1380 2260 gallicam
1414 2211 1627 2258 patrocinio
1654 2221 1724 2246 suo
1750 2215 1903 2247 strenue

270 2280 415 2311 tutatus
436 2281 530 2313 est...
560 2276 651 2324 Ejus
672 2279 890 2313 constantia
914 2288 980 2324 pro
1004 2276 1091 2312 fidei
1123 2276 1346 2313 Catholicae
1373 2275 1661 2312 conservandae
1681 2274 1765 2310 zelo
1787 2274 1903 2310 incla-

269 2338 361 2383 ruit,
384 2349 504 2384 usque
527 2340 624 2375 adeo
645 2350 795 2385 semper
822 2345 857 2375 et
884 2341 1026 2375 acriter
1054 2338 1295 2384 impugnavit
1322 2337 1575 2373 haereticos...
1597 2335 1746 2381 Ingenti
1768 2337 1816 2371 ad
1842 2346 1902 2372 res

269 2402 489 2446 praeclaras
510 2407 547 2438 et
567 2403 703 2448 dignas
725 2408 827 2439 artes
848 2403 1135 2448 amplectendas
1156 2401 1285 2436 animo
1307 2401 1514 2446 praeditus,
1534 2399 1682 2434 litteras
1704 2403 1740 2433 et
1761 2398 1902 2434 littera-

269 2466 329 2498 tos
350 2474 499 2499 summo
522 2475 652 2500 amore
680 2470 716 2501 et
743 2466 1013 2501 benevolentia
1035 2469 1260 2511 prosecutus
1282 2468 1378 2500 est...
1402 2463 1507 2510 Quas
1533 2466 1575 2497 ut
1600 2462 1724 2508 magis
1750 2471 1901 2507 promo-

269 2531 393 2571 veret,
424 2526 567 2571 lgna'cii
596 2528 753 2564 Loiolae
781 2539 986 2574 sequaces,
1014 2538 1111 2574 quos
1138 2528 1177 2563 in
1198 2529 1398 2574 juventute
1427 2526 1474 2561 ad
1504 2525 1684 2571 pietatem
1712 2528 1749 2559 et
1774 2523 1902 2560 studia

271 2588 506 2624 instituenda
528 2590 709 2636 maj0rem
732 2601 861 2626 euram
891 2601 936 2626 ae
962 2591 1159 2626 solertiam
1182 2590 1364 2625 adhibere
1392 2588 1655 2633 intellexerat,
1677 2586 1827 2622 insueto
1848 2585 1900 2621 fa-

271 2661 361 2686 vore
383 2658 610 2697 prosecutus
632 2658 700 2700 est,
723 2659 931 2700 auctorque
954 2653 1036 2698 fuit,
1054 2659 1095 2689 ut
1117 2663 1247 2689 eorum
1269 2653 1375 2697 ordo,
1399 2657 1595 2697 tamquam
1617 2651 1668 2685 rei
1691 2649 1900 2685 litterariae

271 2714 394 2759 utilis,
422 2714 458 2749 in
488 2715 614 2751 Gallia
640 2717 755 2752 certis
784 2717 1070 2752 conditionibus
1098 2716 1348 2762 reciperetur,
1378 2715 1590 2750 instaurata
1616 2713 1653 2748 in
1681 2712 1900 2748 Vivariensi

271 2786 371 2821 pago
387 2776 612 2816 Turnonii...
632 2779 891 2815 famosissima
911 2780 1058 2823 schola,
1077 2783 1112 2814 et
1129 2777 1377 2823 amplissimis
1394 2764 1608 2812 redditibus
1630 2776 1676 2811 ab
1694 2785 1738 2811 eo
1754 2776 1900 2820 dotata,

271 2839 378 2883 cujus
395 2849 524 2874 curam
540 2840 643 2876 illius
664 2841 810 2877 ordinis
831 2841 1004 2886 patribus
1026 2840 1211 2877 attribuit.
1231 2839 1413 2885 Sepultus
1435 2843 1492 2874 est
1512 2838 1549 2873 in
1567 2837 1730 2874 ecclesia
1747 2836 1900 2882 collegii

270 2898 533 2937 Turnonensis
554 2902 695 2940 Societ.
717 2903 847 2940 Jesu...
870 2903 963 2938 Fato
986 2902 1138 2938 functus
1164 2902 1276 2949 1562,
1294 2901 1439 2948 Aprilis
1462 2911 1547 2936 22.»
1570 2899 1900 2936 SAMMARTHANI-

270 2961 425 3007 P10L1N,
451 2961 595 3002 Gala‘a
617 2963 866 3011 christiana,
890 2970 914 3002 t.
936 2973 992 3010 IV,
1015 2966 1087 3002 col.
1114 2965 1199 3010 183,
1226 2965 1311 3009 184.

328 3021 341 3046 ¹
396 3025 584 3064 Henricus
604 3029 650 3064 11.

326 3083 342 3108 2
398 3086 656 3137 Hieronymus
677 3091 711 3126 le
733 3090 809 3127 Bas
831 3094 867 3126 et
886 3090 1075 3136 Rupertus
1096 3089 1177 3126 sive
1197 3088 1386 3125 Robertus
1406 3087 1670 3134 Clayssonius,
1691 3086 1738 3123 de
1760 3086 1899 3134 quibus

273 3148 311 3183 in
331 3148 441 3193 epist.
467 3162 564 3188 1122
587 3153 749 3189 habetur
768 3163 905 3189 serm0.
