2008 3510
286 247 363 304 478
754 247 993 292 Emsromss
1022 247 1265 292 MlxrAE-—t
1276 266 1291 294 1
1299 263 1349 306 99

980 438 1006 470 1
1018 437 1123 471 199

753 523 1070 561 FRANCISCUS
1100 524 1360 562 COSTERUS

654 611 862 657 PATRI
899 611 1160 672 JACOBO
1198 611 1459 659 LAINEZ

711 707 888 733 comma
920 707 967 746 25
999 707 1202 734 OCTOBRIS
1236 696 1336 747 1556
1366 695 1396 735 ¹.

237 784 344 821 Bona
372 784 530 831 affulget
556 784 844 821 coloniensibus
870 795 959 831 spes
984 790 1026 821 ut
1053 786 1259 831 collegium
1291 786 1404 822 trium
1430 796 1657 823 coronarum
1686 786 1872 824 Societati

291 847 735 884 tradatur.-Sociorum
758 847 1055 884 exercitationes
1081 848 1162 884 suis
1190 848 1432 884 auditoribus
1458 849 1803 896 gratae.—Optant
1833 854 1874 886 ut

290 910 483 946 sodalium
504 920 684 946 numerus
706 915 908 957 augeatur:
938 911 1056 958 aliqui
1083 911 1311 948 nominatim
1338 902 1798 958 deposcuntur.—Plures
1826 915 1874 955 ad

290 973 526 1009 Societatem
547 972 716 1009 animum
739 972 1294 1020 adjiciunt-candidatorum
1323 985 1504 1012 numerus
1525 986 1570 1012 ac
1589 976 1710 1013 dotes.

1014 1068 1117 1164 υἷες

307 1203 402 1251 Pax
427 1204 598 1251 Christi
625 1216 708 1252 etc.
735 1206 948 1269 Tempus
972 1206 1204 1263 admonet,
1236 1206 1350 1254 Rde.
1373 1206 1417 1253 in
1438 1207 1627 1254 Christo
1650 1208 1798 1266 Pater,
1826 1219 1878 1256 ut

239 1296 358 1344 quae
389 1279 475 1325 hoc
507 1296 661 1326 mense
695 1280 890 1326 Octobri
929 1292 1054 1345 gesta
1089 1281 1158 1327 hic
1194 1282 1316 1344 apud
1351 1298 1434 1328 nos
1471 1294 1594 1340 sunt,
1625 1282 1680 1330 ad
1719 1283 1778 1330 R.
1815 1283 1876 1332 V.

238 1355 598 1419 perscribantur;
624 1372 740 1419 quae
765 1355 969 1420 quidem,
997 1356 1100 1402 licet
1125 1373 1270 1420 pauca
1289 1357 1393 1415 sint,
1415 1369 1467 1404 ut
1487 1369 1638 1404 tamen
1657 1357 1877 1406 obedien-

239 1430 325 1476 tiae
351 1428 552 1486 satisfiat,
579 1429 830 1476 indicanda.

305 1504 368 1551 Et
392 1505 518 1568 quod
545 1504 603 1551 ad
628 1502 838 1550 futurum
864 1503 1110 1568 collegium
1136 1505 1317 1562 attinet,
1342 1504 1552 1552 consules
1583 1517 1719 1570 atque
1749 1522 1879 1552 sena-

241 1590 363 1626 tores
386 1596 546 1626 omnes
571 1579 795 1624 maximos
821 1578 1041 1625 habemus
1067 1577 1284 1636 fautores,
1310 1595 1390 1625 nec
1417 1579 1535 1625 ullus
1560 1591 1643 1638 est,
1674 1580 1753 1644 qui
1786 1597 1878 1626 non

246 1671 539 1717 summopere
563 1654 787 1701 desideret
819 1653 950 1700 nobis
981 1653 1224 1717 collegium
1256 1653 1382 1711 illud,
1416 1655 1544 1718 quod
1577 1670 1767 1713 nouum,
1801 1673 1879 1702 seu

244 1729 384 1775 trium
415 1745 690 1775 coronarum
722 1727 952 1791 appellant
972 1728 1002 1786 ²,
1033 1728 1209 1775 donari.
1245 1727 1469 1775 Consules
1509 1729 1689 1795 optimo
1726 1730 1880 1777 animo

295 1883 307 1909 ¹
367 1880 423 1922 Ex
445 1887 684 1933 autographo
706 1887 744 1922 in
766 1887 841 1924 vol.
863 1886 904 1933 F,
927 1886 1070 1932 duplici
1093 1885 1198 1932 folio,
1220 1896 1260 1923 n.
1281 1896 1371 1933 320,
1392 1886 1497 1932 prius
1518 1887 1607 1933 406,
1629 1896 1717 1934 407.

296 1947 312 1972 2
368 1950 483 1986 Juvat
516 1961 562 1986 ex
588 1949 782 1986 historicis
810 1948 951 1985 nostris
982 1949 1111 1995 aliqua
1144 1949 1348 1995 decerpere
1377 1949 1424 1984 ad
1451 1949 1662 1994 pleniorem
1689 1949 1801 1996 hujus
1827 1950 1880 1986 rei

242 2012 434 2050 notitiam.
457 2012 694 2048 «Academia
714 2011 956 2049 Coloniensis
983 2011 1057 2047 iam
1080 2011 1167 2047 inde
1197 2012 1243 2046 ab
1272 2021 1372 2047 anno
1393 2011 1530 2049 salutis
1561 2019 1880 2058 M.CCC.LXXX1X,

243 2084 319 2120 quo
341 2083 441 2110 anno
462 2074 593 2119 genita
615 2084 661 2109 ex
682 2073 886 2110 Parisiensi
909 2078 945 2109 et
967 2077 1184 2119 propagata
1206 2076 1280 2117 est,
1311 2077 1476 2119 quatuor
1504 2074 1639 2111 habuit
1663 2074 1883 2120 disciplina-

243 2147 326 2173 rum
348 2136 609 2172 Humanitatis
631 2141 666 2172 et
688 2136 961 2182 Philosophiae
983 2136 1213 2182 Gymnasia‚
1235 2147 1332 2182 quae
1355 2130 1496 2172 Bursas
1517 2136 1571 2172 illi
1592 2136 1803 2173 nominant.
1825 2135 1882 2172 Ex

245 2200 304 2235 his
333 2200 409 2234 duo
440 2199 652 2244 dumtaxat,
674 2198 974 2234 Laurentianum
1008 2202 1044 2234 et
1076 2198 1315 2243 Montanum,
1338 2202 1562 2245 supererant
1594 2199 1668 2234 hoc
1700 2203 1881 2244 tempore,

246 2247 476 2298 Corneliano
498 2265 533 2296 et
549 2260 704 2297 Cucano
726 2261 921 2306 collapsis.
941 2261 1086 2296 Horum
1104 2265 1232 2296 autem
1254 2261 1292 2296 in
1314 2262 1442 2296 locum
1459 2260 1625 2296 Senatus
1640 2261 1881 2307 populusque

246 2325 418 2370 impensa
438 2323 594 2369 publica
616 2323 868 2369 Gymnasium
892 2333 1032 2359 nouum
1058 2326 1256 2359 erexerant
1277 2323 1315 2358 in
1337 2333 1426 2358 area
1448 2321 1486 2359 S.
1504 2322 1720 2369 Maximini,
1748 2323 1879 2359 Trium

246 2397 485 2431 coronarum,
509 2386 556 2421 ab
578 2386 671 2432 ipsis
692 2386 877 2422 Coloniae
900 2386 1115 2432 insignibus
1136 2386 1317 2431 imposito
1338 2386 1504 2422 nomine.
1527 2386 1625 2422 Huic
1646 2397 1771 2422 nouae
1793 2385 1884 2422 Bur-

245 2460 310 2485 sae
331 2449 481 2494 Regens
505 2448 556 2496 (vt
577 2449 731 2495 vocant)
754 2459 865 2494 quern
887 2449 1051 2494 primum
1072 2447 1349 2494 praefecerant,
1371 2449 1536 2484 Iacobus
1556 2448 1724 2494 Lichius,
1745 2448 1883 2484 Luthe-

245 2523 362 2548 ranus
384 2513 539 2547 tandem
560 2511 777 2557 apparuit».
806 2511 1092 2556 ORLANDINUS‚
1115 2507 1226 2547 Hz'st.
1248 2507 1337 2548 Soc.
1351 2507 1455 2557 Jes.,
1473 2522 1507 2557 p.
1530 2519 1556 2558 1,
1577 2511 1642 2547 lib.
1660 2519 1747 2556 xvi,
1769 2521 1805 2547 n.
1822 2522 1840 2547 2
1848 2519 1883 2558 5.

244 2574 407 2620 —Quae
435 2578 645 2621 sequuntur
677 2574 808 2619 accipe
841 2585 862 2609 a
892 2573 1191 2618 REIFFENBERG,
1223 2569 1336 2609 Hist.
1364 2569 1452 2611 Soc.
1479 2569 1572 2616 Jes.
1605 2570 1669 2610 ad
1690 2570 1883 2611 Rhenum

249 2634 516 2686 inferiorem,
539 2636 603 2672 lib.
625 2644 682 2682 111,
706 2646 789 2682 cap.
813 2644 837 2672 1:
864 2635 1104 2672 «Leichius...
1129 2644 1228 2670 anno
1260 2643 1362 2682 1554
1382 2638 1533 2681 praeter
1558 2635 1754 2678 decorum,
1780 2639 1883 2671 vete-

248 2711 404 2746 remque
426 2711 447 2736 a
466 2699 679 2746 Majoribus
706 2699 893 2735 sancitam
921 2698 1250 2743 consuetudinem,
1279 2699 1512 2747 adluxorem
1534 2698 1682 2744 appulit
1701 2698 1881 2734 animum.

247 2762 428 2808 Vulgatis
449 2762 497 2798 ad
517 2770 594 2798 V111
614 2761 698 2797 Kal.
719 2760 884 2797 Sextiles
906 2771 972 2806 per
992 2760 1125 2796 urbem
1146 2760 1301 2805 nuptiis,
1317 2759 1391 2795 dici
1414 2759 1479 2795 vix
1495 2763 1634 2806 potest,
1655 2770 1769 2806 quam
1785 2752 1884 2796 Aca·

247 2824 385 2859 demici
408 2823 569 2860 frontem
593 2824 871 2868 contraxerint,
888 2828 924 2859 et
941 2823 993 2858 rei
1016 2822 1220 2858 insolentia
1237 2822 1362 2857 defixa
1379 2821 1547 2858 haeserit
1561 2822 1717 2859 Civitas.
1734 2822 1885 2858 Dicitur

247 2887 431 2922 continuo
452 2886 588 2923 uxorio
609 2886 753 2922 homini
777 2886 871 2931 dies,
895 2890 930 2921 et
953 2886 1000 2920 de
1023 2885 1239 2920 abdicando
1260 2884 1421 2930 Collegii
1445 2884 1604 2930 imperio
1625 2886 1766 2921 dantur
1781 2895 1884 2922 man·

247 2951 350 2985 data.
372 2949 440 2984 llle
462 2953 594 2984 contra
614 2948 765 2984 Rectori
789 2947 1072 2992 Universitatis,
1095 2943 1283 2991 Decaszo,
1308 2950 1344 2982 et
1364 2946 1534 2993 Collegis
1548 2947 1746 2999 obstrepit;
1760 2958 1884 2994 neque

246 3021 370 3058 pauca
392 3011 429 3047 in
449 3012 569 3047 vitam
590 3011 779 3047 coelibem
800 3010 941 3055 effutit;
966 3010 1110 3045 addens
1139 3019 1215 3044 non
1236 3009 1481 3044 decessurum
1505 3019 1544 3045 se
1572 3010 1790 3056 provincia,
1811 3010 1884 3046 nisi

248 3073 405 3120 publica
438 3073 669 3109 authoritate
697 3076 885 3108 coactum.
913 3070 1137 3107 Academici
1168 3080 1245 3105 rem
1279 3080 1365 3106 cum
1399 3071 1544 3107 Senatu
1578 3073 1881 3121 communicant,

248 3136 455 3174 ostendunt
476 3146 588 3184 quam
610 3136 763 3182 plenum
787 3135 894 3171 aleae
920 3144 1017 3182 opus
1045 3134 1111 3181 sit,
1141 3133 1327 3170 committi
1358 3134 1395 3170 in
1423 3139 1621 3181 posterum
1643 3136 1883 3182 juventutem
