2008 3510
778 264 801 305 5
831 252 1021 306 JANUARn
1051 264 1149 305 1551
1649 264 1724 306 713

141 376 346 406 summae
384 358 617 406 doctrinae
658 369 703 405 et
744 359 1022 406 humilitatis.
1067 358 1130 405 Et
1168 374 1273 405 cum
1320 357 1378 404 sit
1417 374 1473 404 ex
1515 357 1773 423 principum

142 433 325 490 familia,
346 445 390 480 et
414 434 537 497 apud
558 432 727 480 multos
747 450 874 498 reges
897 445 942 479 et
967 433 1191 496 principes
1216 432 1468 495 plurimum
1490 432 1658 480 valeret
1676 451 1778 498 gra-

144 508 204 554 tia
227 519 272 555 et
295 508 575 565 auctoritate,
605 508 782 566 maluit,
806 508 1021 554 omnibus
1045 507 1332 564 renunciatiS,
1357 516 1507 554 totum
1526 524 1572 554 se
1590 508 1778 556 Christo

142 598 419 640 consecrare,
443 593 488 628 et
513 599 631 628 vnus
655 599 711 629 ex
733 582 952 629 Societate
976 594 1130 629 nostra
1154 599 1259 629 esse.

211 656 430 703 Extruxit
455 656 585 702 nobis
608 655 851 720 collegium
876 656 1376 720 magnificentissimum
1401 666 1446 702 et
1476 657 1778 720 prouentibus

143 730 352 778 occurrit.
379 731 525 795 Apud
550 730 800 777 Galliarum
827 747 980 795 regem
1007 730 1251 794 collegium
1276 729 1408 776 nobis
1427 730 1608 777 Parisiis
1632 731 1777 795 impe-

144 805 301 862 trauit,
339 815 384 851 et
416 821 536 851 nunc
566 821 647 851 rex
678 805 774 851 eius
806 805 849 852 in
882 805 1074 870 gratiam
1106 805 1202 851 eius
1231 804 1316 851 tria
1347 804 1557 851 Societati
1586 805 1778 870 collegia

142 890 352 926 extruere
377 879 603 943 pollicitus
621 890 689 926 est
710 878 736 926 ¹.

208 954 397 1001 Interim
423 955 567 1001 multa
592 971 829 1018 perpessus
852 964 934 1012 est,
963 965 1062 1001 tum
1088 971 1113 1000 a
1131 954 1242 1012 suis,
1268 964 1368 1000 tum
1392 954 1572 1001 Romae
1591 971 1616 1000 a
1633 955 1776 1002 cardi-

141 1028 317 1076 nalibus
344 1040 391 1076 et
420 1028 719 1092 principibus,
752 1039 852 1076 tum
882 1029 955 1075 hic
985 1029 1109 1092 apud
1139 1045 1242 1076 nos:
1274 1028 1411 1075 variis
1435 1028 1777 1076 infirmitatibus

140 1103 341 1150 exercuit
373 1119 479 1150 eum
512 1103 760 1151 Dominus.
795 1103 1028 1150 Maiorem
1057 1119 1168 1167 ergo
1200 1103 1246 1149 in
1280 1102 1474 1150 modum
1507 1103 1638 1150 vobis
1669 1122 1775 1152 eum

140 1179 532 1236 commendamus,
552 1189 604 1225 ut
622 1190 840 1243 tanquam
860 1177 1066 1237 fratrem,
1086 1189 1131 1225 et
1149 1178 1227 1243 qui
1252 1188 1376 1224 totus
1394 1188 1546 1225 noster
1563 1190 1646 1236 est,
1666 1196 1774 1226 eum

140 1255 407 1318 suscipiatis,
424 1265 469 1301 et
488 1254 534 1300 in
553 1253 770 1301 omnibus
790 1264 941 1300 vestra
960 1269 1101 1317 opera
1123 1252 1183 1299 illi
1203 1252 1356 1300 adsitis
1378 1264 1424 1299 et
1445 1253 1771 1301 benevolentia.

141 1329 286 1392 Quod
309 1329 346 1375 si
369 1328 519 1376 adhuc
551 1338 774 1393 quartana
802 1327 1096 1385 laborauerit‚
1129 1327 1252 1373 nulla
1282 1326 1456 1373 ratione
1486 1327 1773 1391 permittatis,

139 1415 191 1450 ut
214 1420 260 1450 se
284 1403 396 1449 mari
421 1402 695 1459 committat,
720 1418 827 1448 nam
852 1401 898 1448 id
922 1417 1107 1465 quoque
1136 1401 1186 1448 P.
1213 1400 1421 1465 Ignatius
1444 1401 1606 1449 vetuit.
1642 1401 1773 1448 Reli-

138 1493 229 1540 qua
247 1476 341 1540 ipse
364 1475 497 1523 vobis
520 1474 699 1523 referet.
730 1476 910 1522 Fratres
933 1491 1092 1522 omnes
1124 1492 1205 1522 vos
1233 1474 1431 1521 salutant
1464 1474 1509 1520 in
1542 1475 1769 1523 Domino.

139 1550 322 1608 Valete‚
349 1549 524 1607 fratres,
551 1549 765 1598 multum.
792 1549 1066 1608 Coinbricae
1091 1565 1214 1595 xv111
1240 1548 1510 1596 Decembris
1540 1562 1673 1612 1550.
1697 1550 1771 1597 Ex

138 1636 324 1689 patrum
349 1624 687 1673 commissione.
705 1624 874 1671 Seruus
899 1624 945 1671 in
965 1623 1187 1682 Domino,

1311 1689 1575 1736 VRBANus.

204 1782 456 1845 Inscriptio.-
480 1782 595 1828 Para
614 1781 680 1828 los
700 1781 971 1828 Hermanos
994 1780 1051 1829 de
1074 1779 1340 1840 Barcelona.
1359 1781 1468 1827 Alia
1486 1796 1634 1827 manu:
1653 1779 1774 1827 Creo

139 1873 229 1922 que
251 1873 324 1903 sea
346 1857 479 1903 sobre
502 1873 566 1903 un
592 1856 806 1902 Floriano
827 1855 981 1913 Siluio,
1007 1855 1233 1902 truffador
1251 1871 1340 1919 que
1364 1853 1443 1902 fue
1461 1871 1516 1901 en
1537 1854 1770 1918 Portugal.

888 2049 1029 2084 1294

632 2135 915 2174 MAURICIUS
943 2136 1051 2172 VON
1079 2135 1283 2173 HUTTEN

691 2216 887 2242 EPISCOPUS
919 2216 1201 2241 EYSTETTENSIS

391 2290 625 2338 PATRI
675 2289 1012 2337 IGNATIO
1062 2289 1163 2336 DE
1211 2288 1523 2337 LOYOLA

457 2395 645 2423 AUGUSTA
672 2393 982 2421 VINDELICORUM
1012 2394 1034 2432 5
1064 2392 1248 2428 JANUARu
1280 2394 1376 2433 1551
1410 2381 1441 2421 2.

138 2483 356 2521 Praemissa
375 2483 596 2519 laudatione
614 2483 769 2519 Patrum
786 2481 872 2528 Jaii,
889 2480 1128 2518 Salmeronis
1148 2484 1185 2516 et
1205 2480 1361 2527 Canisii,
1378 2480 1568 2527 Ignatium
1585 2482 1707 2526 rogat,
1727 2483 1770 2515 ut

193 2546 241 2581 ad
263 2545 566 2591 ingolstadiense
593 2545 836 2591 gymnasium
865 2543 1161 2590 instituendum,
1183 2548 1304 2581 morte
1326 2543 1506 2580 Gulielmi
1527 2543 1636 2579 ducis
1656 2543 1770 2579 inter-

193 2612 361 2655 ceptum,
383 2617 495 2654 opem
516 2606 688 2643 conferat
711 2610 748 2643 et
768 2606 964 2643 auxilium.

206 2710 454 2775 Equidem,
482 2711 602 2758 Rde.
630 2711 780 2768 Pater,
804 2727 1132 2774 saepenumero
1154 2727 1334 2758 mecum
1366 2709 1602 2774 perpendo
1625 2725 1769 2774 quan-

139 2795 239 2832 tum
264 2785 344 2831 tibi
369 2795 506 2849 atque
529 2784 700 2832 ordinis
724 2784 790 2831 tui
815 2782 1045 2841 fratribuS,
1069 2801 1176 2831 cum
1200 2784 1272 2831 alii
1298 2783 1507 2848 plurimi,
1531 2794 1631 2830 turn
1658 2799 1768 2829 vero

194 2929 207 2955 ²
264 2933 370 2969 Haec
403 2932 533 2968 omnia
567 2932 886 2968 mendacissimus
921 2932 1037 2969 homo
1070 2932 1328 2975 confinxerat,
1364 2935 1404 2967 ut
1439 2931 1617 2968 credulos
1653 2930 1768 2966 nimis

139 2996 293 3031 sodales
315 2996 480 3031 fallaciis
501 2994 592 3040 suis,
615 2995 718 3041 quod
740 2996 875 3030 mirum
897 3005 989 3031 sane
1010 2994 1173 3042 videtur,
1191 2995 1395 3041 deciperet.

192 3055 209 3079 ²
263 3057 320 3093 Ex
342 3057 521 3103 originali
543 3057 580 3092 in
601 3057 676 3093 vol.
698 3054 832 3106 Epist.
854 3054 1161 3107 episcoporum,
1188 3057 1332 3104 duplici
1358 3055 1464 3103 solio,
1485 3066 1521 3092 n.
1545 3065 1618 3103 103
1635 3083 1645 3102 ,
1662 3054 1767 3102 prius

143 3119 231 3166 188,
257 3119 345 3167 189,
367 3119 578 3166 antiquitus
598 3128 689 3167 393,
710 3129 799 3167 394.
