2008 3510
688 231 732 271 13
770 219 1015 259 DECEMBRIS
1046 220 1148 272 1556
1601 232 1678 272 559

99 326 215 374 sicut
237 325 374 396 etiam
399 325 593 389 contigit
616 325 744 384 mihi,
768 342 875 372 cum
899 326 1096 374 redirem
1119 343 1176 373 ex
1199 326 1326 374 vrbe.
1353 310 1472 372 Item
1497 324 1732 390 fatigatus,

97 401 178 447 vix
199 400 336 448 etiam
360 394 404 446 in
430 399 551 447 claro
575 402 678 446 aere
701 416 890 463 possum
915 400 1075 464 legere.

163 475 284 522 Ecce
321 475 433 522 dum
473 475 582 521 haec
617 474 779 532 scribo,
813 474 1019 522 adfertur
1049 475 1160 521 mihi
1195 472 1402 531 nuntius,
1441 475 1519 538 qui
1563 474 1733 522 indicat

95 550 306 607 domum,
340 548 397 596 de
428 565 519 612 qua
547 565 686 612 supra
715 549 996 597 mentionem
1027 547 1136 606 feci,
1160 550 1259 614 jam
1292 560 1495 612 emptam
1528 566 1641 597 esse:
1674 549 1733 595 sit

97 623 330 670 Dominus
353 623 398 669 in
422 623 638 669 omnibus
663 623 948 680 benedictus3
974 635 1020 670 et
1044 634 1159 686 puto
1183 623 1311 687 quod
1340 640 1458 669 vnus
1484 623 1626 680 solus,
1651 624 1730 687 qui

96 705 142 742 et
173 696 304 753 emit,
345 695 494 742 soluet
526 706 670 742 totam
704 713 936 742 summam
969 696 1232 759 predictam.
1269 696 1361 742 Iste
1394 708 1460 742 est
1491 696 1730 760 singularis

98 781 250 817 noster
290 770 477 829 amicus,
518 770 734 834 magister
777 770 942 817 Helias
981 770 1162 827 Schoer,
1202 769 1341 817 frater
1382 771 1728 817 nominatissimi

97 844 333 908 quondam
357 843 547 907 presidis
570 843 742 890 consilii
767 843 1023 907 imperialis.
1052 844 1200 890 Hunc
1224 859 1335 907 ergo
1366 860 1472 890 cum
1498 843 1592 890 aliis
1616 844 1729 890 ami-

95 918 158 964 cis
178 917 192 943 ¹
215 918 594 965 commendamus
617 918 901 965 orationibus
928 918 1109 975 vestris,
1144 918 1223 965 sed
1253 935 1345 964 non
1375 919 1631 982 poterimus
1660 919 1727 965 di-

95 1002 215 1039 ctam
246 993 442 1039 domum
484 992 735 1039 inhabitare
775 1004 878 1039 ante
916 1009 1107 1057 sequens
1144 992 1229 1039 seri
1261 993 1525 1056 proximum
1558 991 1729 1039 festum

94 1066 286 1127 Joannis
308 1067 552 1130 Baptistae.
589 1067 781 1130 Raptim
814 1066 1009 1114 Louanii
1041 1083 1091 1113 11
1128 1067 1398 1114 Decembris
1429 1084 1549 1114 anno
1591 1082 1642 1130 15
1653 1068 1728 1130 56.

97 1141 162 1188 Et
184 1141 270 1188 hoc
294 1142 456 1188 eodem
481 1141 553 1188 die
577 1141 662 1188 sub
685 1141 923 1188 meridiem
948 1151 1100 1204 empta
1127 1151 1195 1188 est
1217 1141 1384 1187 domus
1407 1152 1572 1187 nostra.

161 1215 559 1262 Commendamus
583 1232 666 1261 nos
689 1225 735 1261 et
768 1227 923 1261 nostra
954 1215 1237 1261 orationibus
1262 1214 1315 1262 P.
1339 1214 1400 1262 V.
1425 1215 1730 1278 omniumque

97 1289 288 1336 Patrum
315 1307 364 1336 ac
389 1289 597 1337 fratrum.
626 1290 745 1338 Rde.
772 1289 823 1336 P.
851 1290 910 1337 V.
937 1306 1094 1335 seruus
1117 1290 1163 1335 in
1188 1289 1413 1346 Domino,

592 1382 864 1428 ADRIANUS
897 1382 1143 1438 ADRIANI,
1178 1381 1234 1427 ab
1258 1381 1531 1444 Antuerpia.

162 1492 414 1554 Inscriptio:
451 1492 483 1551 -ζ-
509 1491 632 1539 Rdo.
658 1491 704 1537 in
728 1491 812 1537 X.⁰
839 1491 979 1549 Patri,
1003 1491 1126 1537 Dno.
1152 1490 1328 1551 Jacobo
1355 1491 1539 1552 Laynis‚
1561 1491 1729 1537 vicario

97 1565 292 1629 generali
334 1565 566 1612 Societatis
594 1566 727 1625 Jesu,
761 1565 884 1628 apud
915 1564 955 1610 S.
993 1565 1234 1621 Marcum,
1275 1565 1319 1610 in
1355 1565 1446 1612 Sta.
1484 1565 1640 1610 Maria
1670 1565 1730 1611 de

95 1640 266 1688 Strada.
295 1641 490 1687 Romae.
518 1640 708 1686 Franco.
735 1640 844 1686 Alia
869 1655 1016 1685 manu:
1051 1652 1185 1700 1557.
1215 1639 1329 1686 R.tae
1360 1653 1412 1698 17
1438 1638 1662 1698 Januarii.

839 1849 982 1884 1229

526 1945 841 1982 FRANCISCUS
871 1945 940 1981 DE
967 1945 1306 1982 VILLANUEVA

445 2042 685 2107 PATRI
737 2041 1032 2102 JACOBO
1085 2041 1376 2088 LAINEZ

539 2146 759 2173 COMPLUTO
790 2146 836 2186 13
867 2145 1097 2173 DECEMBRIS
1130 2136 1230 2186 1556
1258 2134 1289 2174 2.

98 2244 241 2291 Borgia
262 2244 310 2280 ad
330 2243 573 2279 invisendum
594 2243 776 2280 Carolum
792 2243 828 2278 V
843 2242 1039 2289 profectus
1063 2243 1420 2280 est.—Villanueva
1440 2242 1617 2278 Toletum
1635 2241 1726 2276 adit:

152 2307 287 2342 doctor
316 2305 489 2351 Vergara
522 2304 876 2342 (tombam—Res
909 2304 1108 2341 familiaris
1142 2305 1294 2352 collegii
1334 2303 1611 2350 complutensis
1643 2313 1730 2349 pro-

154 2369 336 2406 curanda.

862 2427 962 2522 Jlis.

165 2565 291 2628 Muy
316 2565 437 2611 Rdo.
464 2581 519 2610 en
545 2564 630 2611 X.⁰
662 2563 821 2610 Padre.
854 2562 923 2609 La
953 2563 1104 2626 gracia
1127 2580 1156 2625 y
1180 2579 1308 2610 amor
1341 2575 1498 2609 eterno
1528 2562 1584 2608 de
1616 2562 1727 2621 Jesu

102 2640 230 2703 Xpo.
255 2655 327 2686 sea
350 2639 543 2702 siempre
567 2654 624 2684 en
649 2648 834 2684 nuestro
858 2636 1005 2684 fauor.
1029 2638 1178 2683 Pocos
1196 2637 1296 2684 dias
1316 2654 1340 2683 a
1358 2635 1529 2683 escrevi
1548 2638 1574 2682 a
1592 2635 1649 2681 V.
1674 2635 1725 2681 P.

101 2714 160 2760 de
183 2713 245 2767 mi
272 2714 434 2760 venida
458 2715 484 2759 a
507 2724 600 2759 esta
623 2729 722 2759 casa
740 2711 771 2769 ³,
796 2729 825 2775 y
849 2711 1034 2758 tanbien
1067 2728 1227 2775 espero
1257 2711 1450 2758 escrevir
1474 2711 1572 2756 mas
1603 2709 1730 2771 largo

101 2788 128 2833 a
150 2787 211 2834 V.
239 2786 292 2834 P.
317 2802 374 2832 en
397 2785 547 2832 breve.
575 2785 680 2831 Solo
704 2784 801 2831 dire
825 2800 882 2830 en
905 2794 1011 2840 esta,
1036 2800 1125 2848 que
1148 2784 1186 2830 el
1213 2784 1264 2831 P.
1291 2783 1328 2829 F
1331 2783 1530 2829 rancisco
1554 2798 1599 2828 se
1625 2797 1730 2843 par-

156 2948 170 2974 ¹
226 2950 300 2987 Ms.
321 2946 468 2987 anicis.

155 3009 172 3035 ²
226 3011 284 3048 Ex
304 3012 540 3059 autographo
561 3011 599 3047 in
617 3012 694 3047 vol.
715 3011 756 3057 F,
777 3011 893 3047 unico
913 3010 1018 3056 folio,
1039 3020 1074 3047 n.
1097 3020 1187 3056 314,
1207 3010 1312 3056 prius
1332 3018 1423 3055 399.

156 3073 173 3100 ³
226 3077 326 3113 Vide
346 3076 454 3122 epist.
481 3075 528 3111 26
548 3074 787 3120 Novembris,
812 3074 913 3110 1216
933 3073 1111 3120 positam.
