2008 3510
308 255 387 305 484
774 252 1010 291 EPISTOLAE
1040 252 1263 290 MIXTAE—
1271 265 1286 289 1
1298 265 1313 290 1
1320 265 1371 303 99

255 359 342 406 dus
366 369 417 404 ut
440 357 563 420 apud
589 357 646 403 V.
677 357 735 403 R.
769 356 865 403 eius
895 373 1079 420 quoque
1110 343 1391 403 mentionem
1422 356 1599 417 faciam,
1626 370 1763 423 atque
1794 361 1891 407 eius

254 449 514 495 proponam
545 431 838 478 desiderium.
875 431 960 477 Est
999 431 1072 476 hic
1106 430 1218 477 alius
1259 431 1445 495 quidam
1491 433 1560 479 vir
1590 435 1892 497 quadraginta

254 507 431 552 circiter
457 522 700 563 annorum,
733 505 936 565 Joannes
960 505 1162 564 nomine,
1196 522 1252 551 ex
1275 523 1396 570 pago
1422 507 1760 571 Bblitterswyck,
1797 526 1890 555 non

254 581 411 643 procul
439 599 463 626 a
486 581 751 644 Neomago‚
771 579 1092 637 nobilissimUS‚
1118 580 1196 643 qui
1214 581 1348 640 etiam
1369 581 1627 628 dominium
1649 583 1889 646 proprium

253 655 404 712 habet,
427 656 506 702 sed
530 655 607 719 qui
633 665 830 711 tantum,
850 654 964 700 dnm
989 670 1105 717 puer
1128 665 1256 711 esset,
1276 655 1423 717 prima
1442 647 1764 718 grammaticae
1783 655 1889 702 fun-

252 730 467 775 damenta
485 730 597 775 iecit.
621 728 899 791 Experietur
924 729 980 774 R.
1005 728 1058 776 P.
1087 728 1362 774 Leonardus
1383 745 1492 775 num
1514 731 1570 775 ad
1589 730 1740 776 studia
1758 742 1891 794 aptus

252 803 309 849 sit
329 802 527 859 futurus;
545 820 660 867 quae
679 803 711 848 si
734 803 885 848 minus
905 813 1024 848 recte
1043 803 1302 859 succedant,
1321 814 1424 866 aget
1443 804 1514 849 hic
1534 803 1888 867 gubernatorem

251 877 434 933 domus,
461 878 557 923 talis
581 877 702 923 enim
728 876 859 922 nobis
883 877 928 922 in
954 874 1115 922 futuro
1140 877 1331 941 collegio
1356 879 1711 940 pernecessarius
1735 879 1832 925 erit.

316 951 446 997 Nihil
471 952 596 1015 quod
621 950 816 997 scribam
842 950 964 996 aliud
990 967 1111 996 nunc
1130 951 1340 1007 occurrit,
1366 967 1505 1014 quam
1525 963 1576 997 ut
1603 952 1665 999 R.
1685 952 1742 998 V.
1764 969 1891 998 com-

253 1027 490 1073 mendatos
516 1027 679 1073 habeat
719 1026 995 1072 colonienses
1026 1037 1219 1083 nostros,
1249 1026 1326 1089 qui
1354 1026 1443 1071 iarn
1469 1038 1651 1088 pastore
1685 1026 1890 1073 destituti

251 1112 370 1147 sunt:
392 1101 505 1146 obiit
524 1102 647 1146 enim
669 1102 805 1148 R.m⁰⁵
824 1111 975 1146 noster
993 1100 1356 1163 archiepiscopus
1371 1117 1475 1146 cum
1496 1117 1583 1146 suo
1601 1100 1890 1163 suffraganeo

250 1184 296 1219 et
326 1174 499 1236 aliquot
530 1174 623 1219 aliis
648 1174 755 1219 uiris
780 1174 878 1236 piis,
904 1173 1116 1218 Crastino
1140 1172 1235 1231 die,
1261 1173 1338 1236 qui
1363 1173 1448 1219 erit
1483 1173 1542 1220 26
1568 1173 1806 1232 Octobris,
1833 1174 1890 1220 ad

250 1247 511 1311 eligendum
555 1248 693 1293 alium
735 1249 1003 1310 episcopum
1045 1247 1252 1293 canonici
1288 1258 1333 1293 et
1367 1247 1502 1293 huius
1537 1247 1663 1294 urbis
1704 1247 1889 1311 praelati

249 1323 538 1369 conuenient.
565 1323 725 1368 Donet
757 1322 886 1368 nobis
919 1318 1114 1383 Spiritus
1146 1333 1327 1368 sanctus
1358 1322 1518 1380 talem,
1552 1322 1628 1385 qui
1661 1333 1814 1373 totum
1844 1339 1890 1368 se

251 1396 295 1442 in
321 1396 488 1442 diuinis
507 1393 721 1442 'laudibus
746 1407 939 1458 occupet
959 1394 989 1442 ¹.
1018 1395 1181 1441 Valeat
1205 1396 1263 1442 R.
1293 1396 1352 1443 V.
1379 1396 1430 1442 P.
1458 1396 1625 1442 Sedulo
1645 1413 1726 1442 nos
1748 1397 1807 1442 R.
1829 1395 1886 1442 V.

251 1469 537 1532 Patrumque
561 1470 771 1516 omnium
796 1469 1020 1516 sacrificiis
1044 1481 1089 1515 et
1118 1468 1314 1516 fratrum
1340 1469 1622 1516 orationibus
1656 1487 1889 1516 commen-

251 1545 429 1591 damus.
476 1558 534 1605 25
570 1544 788 1590 Octobris
813 1544 1033 1590 Coloniae
1073 1544 1375 1607 Agrippinae,
1403 1561 1459 1590 ex
1491 1545 1706 1591 mandato
1738 1544 1795 1590 R.
1832 1545 1885 1590 P.

254 1612 534 1665 Leonardi2.
565 1619 625 1665 R.
655 1619 706 1664 P.
736 1629 840 1663 tuae
866 1617 1036 1663 inutilis
1060 1626 1237 1676 seruus,

714 1699 1028 1746 FRANCISeus
1051 1700 1319 1759 COSTERUS,
1346 1700 1694 1747 mechliniensis.

321 1800 496 1847 Adfuit.
531 1801 660 1846 nobis
707 1801 775 1846 his
821 1801 981 1847 diebus
1029 1799 1168 1847 frater
1215 1802 1422 1847 Matthaei
1470 1802 1626 1858 nostri,
1676 1801 1755 1864 qui
1796 1801 1890 1865 agit

253 1875 456 1933 Laut-eti,
498 1875 772 1938 cognonime
820 1876 1061 1938 Scanpius;
1107 1875 1249 1923 frater
1295 1877 1390 1922 eius
1435 1887 1628 1923 uocatur
1674 1875 1890 1939 magister

252 1950 454 2010 Joannes
479 1949 708 2012 ScanpiuS.
736 1949 975 1995 Desiderat
1000 1966 1081 2012 per
1108 1950 1254 1997 literas
1278 1949 1430 1996 fratris
1448 1951 1515 1996 sui
1535 1949 1631 1996 fieri
1651 1950 1814 1995 certior
1831 1951 1889 1996 de

253 2023 349 2069 eius
371 2035 490 2069 statu
517 2040 565 2069 ac
591 2023 766 2070 studiis.
794 2023 838 2069 Si
863 2024 925 2071 V.
950 2025 1006 2070 R.
1035 2025 1260 2082 uideatur,
1287 2025 1455 2088 poterit
1477 2025 1614 2070 semel
1641 2023 1892 2070 Mathaeus

254 2097 311 2144 ad
336 2097 464 2143 illum
487 2097 692 2143 scribere.
714 2106 717 2110 ’
1723 2148 1725 2151 ,

319 2173 569 2234 Inscriptio,
594 2188 723 2218 manu
749 2171 912 2217 Patris
938 2171 1177 2219 Leonardi:
1210 2175 1242 2234 ξ
1281 2174 1405 2220 Rdo.
1433 2174 1478 2219 in
1511 2172 1593 2219 X.⁰
1628 2171 1769 2229 Patri,
1796 2188 1890 2217 ma-

255 2246 398 2309 gistro
421 2246 598 2306 Jacobo
626 2245 831 2308 Laynez,
857 2247 1055 2309 generali
1083 2247 1250 2293 vicario
1276 2247 1508 2294 Societatis
1530 2247 1656 2307 Jesu,
1693 2246 1888 2292 Romae.

320 2320 427 2366 Alia
452 2336 599 2365 manu:
634 2332 686 2380 15
696 2332 770 2380 57.
801 2320 915 2366 R.tae
947 2337 1101 2366 mense
1131 2320 1394 2367 Februario.

311 2492 324 2516 ¹
384 2495 539 2530 «Novus
559 2493 885 2539 Archiepiscopus
913 2494 1110 2540 Coloniae,
1139 2495 1328 2530 demortui
1355 2494 1482 2539 frater,
1512 2494 1657 2529 electus
1683 2496 1759 2536 est,
1789 2494 1826 2526 et
1851 2490 1890 2525 in

256 2557 552 2602 Suffraganeum
585 2555 784 2601 eligendus
819 2556 1018 2592 dicebatur
1048 2557 1114 2594 Dr.
1150 2557 1368 2593 Everardus
1399 2557 1607 2605 Bilichius‚
1639 2553 1891 2591 Provincialis

256 2619 559 2662 Carmelitarum‚
592 2619 655 2665 qui
684 2629 770 2654 cum
806 2619 934 2655 Priore
967 2619 1193 2656 Carthusiae
1226 2626 1263 2656 et
1295 2621 1375 2658 Dte.
1409 2620 1606 2665 Groppero
1634 2615 1890 2664 patrocinium

256 2685 474 2729 nostrorum
496 2691 635 2727 magno
655 2691 741 2716 cum
765 2681 903 2717 affectu
918 2682 1115 2718 charitatis
1137 2683 1331 2728 gerebat».
1349 2682 1555 2727 POLANCO‚
1576 2684 1602 2717 t.
1623 2687 1680 2725 VI,
1697 2689 1784 2724 pag.
1798 2687 1888 2723 422,

256 2755 293 2781 n.
332 2745 445 2791 1815.
479 2744 599 2790 Igitur
630 2743 812 2789 Adolpho
843 2744 894 2780 111
928 2754 1004 2779 von
1036 2744 1327 2791 Schauenburg,
1362 2744 1576 2780 clarissimo
1611 2740 1890 2778 coloniensium

255 2807 432 2852 antistiti,
463 2805 650 2842 successit
676 2805 870 2841 Antonius
898 2807 1012 2842 etiam
1039 2817 1116 2843 von
1142 2807 1431 2853 Schauenburg.
1459 2806 1516 2843 Cf.
1545 2802 1680 2855 Epist.
1709 2798 1888 2845 Mz'xtae,

255 2874 282 2905 t.
313 2877 370 2915 IV,
399 2880 485 2914 pag.
516 2867 837 2915 511.—Ad01phi
873 2879 965 2905 vero
991 2869 1276 2915 suffraganeus,
1310 2870 1389 2905 vita
1427 2869 1591 2910 functuS,
1619 2869 1700 2902 erat
1723 2864 1891 2899 Joannes

254 2932 378 2977 Nopel
398 2943 473 2967 von
495 2931 708 2977 Lippstadt.
731 2927 832 2968 Lz'tt.
859 2929 1038 2979 Quadra,
1059 2937 1084 2970 t.
1104 2930 1166 2978 iv,
1188 2943 1276 2979 pag.
1300 2941 1388 2980 549,
1413 2935 1540 2968 annot.
1565 2942 1599 2967 1.

308 2991 325 3016 2
379 2995 479 3030 Vide
501 2994 630 3030 statim
651 2994 855 3040 epistolam
876 2994 998 3040 ipsius
1019 2995 1210 3031 Leonardi
1230 2995 1379 3041 Kessel,
1401 3005 1499 3042 quae
1515 2992 1687 3040 proxime
1705 2989 1889 3036 sequitur.

254 3057 317 3094 Ad
350 3067 409 3092 res
441 3057 682 3092 colonienses
713 3060 890 3101 spectant
921 3057 1036 3093 etiam
1068 3051 1218 3093 litterae
1247 3066 1266 3105 5
1294 3058 1392 3096 Nov.
1423 3061 1459 3093 et
1489 3068 1504 3092 1
1535 3055 1642 3100 Dec„
1673 3061 1769 3100 quas
1791 3049 1891 3086 infra

255 3119 444 3165 dabimus,
468 3123 503 3155 et
523 3116 623 3156 Litt.
650 3115 830 3166 Quadr„
852 3122 875 3157 t.
900 3127 956 3165 IV,
979 3130 1064 3166 pag.
1089 3121 1176 3167 548,
1202 3121 1288 3156 612.
