2014 3528
320 293 398 331 404
631 266 635 273 ⁵
786 279 1020 319 EPISTOLAE
1049 280 1388 338 Mutua-1168·

266 405 311 434 se
337 387 583 433 deuotione
607 386 644 432 ci
672 386 695 432 ἐ
721 386 764 432 in
791 386 987 450 Napoli,
1015 397 1136 433 tutta
1161 388 1184 433 ἐ
1208 387 1253 434 in
1283 387 1310 433 l'
1331 386 1645 444 Annuntiata,
1671 397 1715 432 et
1739 385 1897 433 alhora

266 461 453 508 sarebbe
483 460 509 507 il
559 460 755 524 doppio,
787 461 1064 524 predicando
1098 472 1142 507 et
1175 460 1404 525 leggendo
1439 460 1479 508 la
1521 460 1812 523 Compagnia
1851 461 1897 507 in

266 536 411 600 quella
437 536 620 593 chiessa,
648 535 812 599 perche
838 536 1057 599 uogiiono
1081 535 1164 582 che
1189 535 1228 581 la
1255 536 1545 600 Compagnia
1571 534 1708 581 habbi
1735 545 1897 599 questo

265 622 476 669 assunto,
515 621 560 657 et
594 610 634 657 la
663 611 809 657 chiesa
840 611 864 657 ἐ
895 628 984 657 una
1014 610 1128 657 delle
1160 610 1418 674 principali,
1451 611 1529 674 pisi
1556 610 1724 657 deuota
1748 621 1792 656 et
1817 609 1896 672 pisi

265 686 380 733 bella
406 686 462 732 de
487 685 678 748 Napoli.
1381 740 1384 742 v

331 760 463 807 Circa
483 759 510 805 li
536 759 664 824 offitij
693 759 834 806 diuini
860 759 1025 806 dicono
1050 775 1176 816 anco,
1193 759 1289 816 che,
1309 775 1354 805 se
1379 758 1455 805 noi
1476 775 1568 804 non
1591 757 1770 804 diremo
1794 771 1898 803 can-

265 846 359 881 tato
384 834 413 880 l'
433 834 601 893 uffitio,
628 834 725 880 loro
755 851 1027 880 cercaranno
1052 834 1080 879 li
1106 834 1255 897 giorni
1288 833 1522 897 principali
1555 832 1671 896 preti
1702 831 1899 878 condut-

265 909 365 973 titij,
391 926 472 973 per
495 920 650 956 cantar
674 909 714 955 la
740 926 882 955 messa
907 908 1043 973 quelli
1069 908 1230 972 giorni.
1252 909 1314 955 Et
1332 919 1494 972 questo
1515 907 1539 954 ἐ
1564 917 1738 972 quanto
1764 921 1900 969 posso

264 984 361 1030 dire
384 984 499 1030 circa
522 995 682 1048 questa
707 983 893 1029 materia
912 983 942 1030 ¹.
968 983 1080 1028 Non
1107 983 1237 1041 altro,
1262 1000 1309 1029 se
1335 999 1428 1028 non
1452 982 1535 1028 che
1561 993 1718 1028 nostro
1742 980 1901 1044 signor

266 1059 361 1106 Dio
403 1058 465 1104 sia
510 1076 688 1122 sempre
727 1075 813 1105 con
863 1058 951 1104 noi.
999 1058 1167 1104 Amen.
1211 1058 1271 1104 Di
1317 1057 1490 1121 Napoli
1530 1056 1618 1103 allo
1660 1055 1812 1120 primo
1853 1053 1900 1100 di

264 1134 449 1198 Agosto
481 1150 497 1179 1
509 1146 534 1196 5
542 1133 619 1196 56.

332 1209 397 1256 Et
422 1221 584 1273 questo
610 1207 795 1272 negotio
821 1207 1037 1254 uorriano
1061 1207 1158 1263 che,
1183 1224 1229 1253 se
1254 1205 1363 1253 fussi
1390 1205 1617 1270 possibile,
1642 1204 1676 1251 si
1702 1202 1901 1267 spedisse

263 1283 309 1329 in
334 1283 493 1340 breue,
519 1283 564 1329 di
591 1282 651 1329 tal
677 1281 895 1338 maniera,
922 1281 1024 1338 che,
1050 1298 1095 1327 se
1121 1280 1239 1327 fosse
1263 1280 1477 1344 possibile
1495 1319 1506 1338 ‚
1538 1297 1618 1344 per
1649 1289 1771 1325 tutto
1797 1277 1898 1323 Set-

264 1358 440 1405 tembre
465 1356 641 1404 fussero
666 1373 756 1421 qua
781 1356 809 1402 li
839 1356 962 1403 Patri
989 1366 1034 1402 et
1060 1354 1236 1402 fratelli.
1265 1357 1338 1402 De
1363 1356 1421 1403 V.
1447 1356 1496 1403 P.
1527 1355 1719 1419 indigno
1743 1351 1899 1410 filiolo,

1424 1438 1702 1534 MENi>ooA‚

329 1570 582 1632 Inscriptio:
620 1569 652 1629 ἦ
684 1567 749 1615 Al
780 1567 925 1614 molto
956 1567 1080 1615 Rdo.
1116 1578 1272 1613 nostro
1305 1568 1453 1614 Padre
1494 1568 1539 1614 in
1575 1569 1690 1629 Jessl
1732 1570 1832 1627 X.⁰,
1871 1569 1899 1616 il

267 1645 317 1691 P.
348 1645 493 1690 Mtro.
521 1643 704 1707 Ignatio
724 1643 767 1689 di
791 1642 981 1705 Loyola,
1003 1642 1236 1706 preposito
1255 1643 1438 1706 general
1463 1643 1579 1690 della
1605 1644 1898 1713 Compagnia

263 1719 307 1765 di
333 1719 458 1779 Jesfl.
489 1719 595 1764 Alia
620 1734 767 1764 manu:
810 1718 904 1765 RJa
929 1734 952 1763 a
981 1720 1003 1763 8
1033 1717 1105 1763 del
1132 1717 1396 1766 medesimO.

1016 1895 1042 1928 1
1054 1891 1159 1928 168

753 1980 1096 2018 GULIELMUS
1142 1981 1218 2017 DU
1266 1981 1413 2018 PRAT

798 2059 992 2085 EPISCOPUS
1019 2060 1357 2085 CLAROMONTANUS

587 2099 796 2178 PATRI
834 2132 1128 2179 IGNATlo
1164 2132 1258 2179 DE
1292 2132 1575 2179 LoYoLA

771 2207 937 2254 PAiusns
970 2229 987 2254 1
1020 2227 1198 2255 AUGUsTt
1231 2217 1332 2267 1556
1362 2214 1392 2254 2.

267 2298 458 2342 Gaudium
480 2305 685 2352 significat,
707 2306 810 2352 quod
834 2317 879 2342 ex
901 2306 1092 2344 sociorum
1114 2307 1280 2343 adventu
1301 2306 1747 2353 percepit.——Pollieetur
1775 2317 1828 2353 se,
1850 2318 1898 2344 ne

792 2369 883 2414 quid
904 2369 980 2405 illis
1002 2369 1119 2412 desit,
1141 2373 1373 2405 curaturum.

331 2465 475 2526 Quod
501 2482 581 2528 per
607 2463 755 2510 literas
780 2474 899 2522 tuaS‚
926 2466 980 2512 ad
1012 2484 1044 2525 4
1076 2466 1193 2530 Maij
1221 2477 1443 2524 exaratas,
1475 2465 1583 2512 mihi
1616 2465 1898 2531 significastj,

265 2538 404 2585 frater
444 2539 726 2597 charissime,
758 2540 844 2586 hoc
883 2541 1010 2603 prius
1048 2541 1392 2587 renunciauerat
1433 2540 1651 2605 magister
1692 2541 1899 2604 Baptista

263 2613 472 2673 Violeus,
498 2615 574 2677 qui
609 2630 667 2660 ex
696 2615 927 2661 Aruernia
958 2616 1046 2662 huc
1079 2616 1226 2673 venit,
1253 2617 1416 2662 relictis
1447 2616 1534 2662 illic
1565 2616 1696 2681 socijs
1726 2633 1782 2662 ex
1816 2627 1898 2662 tuo

262 2689 442 2748 ordine,
469 2690 545 2753 qui
573 2689 850 2736 biliomensis
876 2690 1132 2737 academiae
1155 2692 1294 2737 situm
1319 2703 1364 2738 et
1395 2692 1508 2738 ritus
1533 2691 1713 2738 interim
1739 2690 1898 2755 explo-

263 2775 430 2822 rarent,
450 2764 562 2810 dum
583 2763 756 2827 aliquot
781 2764 874 2810 dies
901 2765 970 2811 hic
996 2782 1175 2812 mecum
1202 2766 1309 2829 agit,
1330 2777 1381 2812 vt
1404 2766 1462 2812 de
1487 2765 1660 2829 negocij
1690 2781 1896 2811 successu

263 2848 308 2883 et
337 2837 605 2884 scholastico
634 2836 794 2883 ordine
825 2838 1020 2884 inuicem
1051 2838 1392 2902 colloquamur3
1420 2856 1499 2885 nec
1526 2839 1674 2885 multo
1704 2850 1808 2901 post
1839 2838 1897 2886 ad

319 2962 330 2987 ¹
390 2966 486 3001 Vide
508 2966 616 3012 epist.
643 2974 756 3013 1159,
778 2967 840 3003 die
863 2978 911 3014 29
931 2967 1022 3003 Julii
1044 2968 1190 3014 datam,
1212 2972 1248 3004 et
1270 2979 1367 3015 quae
1388 2968 1434 3004 de
1455 2967 1789 3014 neapolitanorum
1809 2976 1896 3004 con·

263 3027 350 3063 silio
372 3027 513 3062 ibidem
534 3028 816 3066 adnotavimus.
1046 3026 1049 3030 ’
1621 3038 1623 3041 ·

321 3084 336 3106 ‘²
387 3089 442 3124 Ex
474 3090 650 3137 originali
688 3091 724 3126 in
760 3092 834 3127 vol.
869 3088 1088 3141 Epistolae
1120 3090 1427 3139 cardinalium,
1461 3092 1576 3129 unico
1609 3092 1718 3139 folio,
1754 3101 1789 3128 n.
1832 3100 1894 3138 29,

264 3162 370 3198 pr1us
392 3163 410 3187 2
419 3161 478 3199 52.
