2008 3510
738 245 788 272 22
819 234 1064 274 DECEMBms
1097 236 1197 287 1556
1652 248 1728 288 575

151 338 180 385 l'
201 355 293 385 uno
318 338 347 385 il
373 337 483 397 fece,
509 338 536 384 l'
556 338 672 385 altro
698 339 723 385 li
753 340 940 398 mando,
964 341 1159 387 dicendo
1179 341 1262 387 che
1286 342 1343 388 ne
1375 359 1454 405 per
1486 356 1575 388 100
1605 342 1731 388 scudi
1759 342 1787 387 l’

149 411 344 458 andaria.
384 411 504 473 Qua!
549 428 652 457 cosa
682 412 823 472 udita,
863 414 1072 460 conobbe
1109 414 1148 459 la
1184 414 1252 460 lor
1294 415 1409 461 mala
1442 415 1703 474 uolontade‚
1741 427 1786 462 et

150 486 296 532 molto
319 487 354 532 si
380 485 645 542 marauclio‚
671 498 716 532 et
739 487 854 533 disse
877 488 923 534 di
948 488 1225 551 prouederli:
1256 501 1302 535 et
1331 506 1470 535 ancor
1501 490 1545 535 in
1577 489 1786 552 ognaltra

151 577 271 618 cosa,
295 560 427 624 quale
451 561 512 624 gli
538 561 713 607 auisara
738 561 764 607 il
794 562 958 620 Padre,
982 563 1286 610 ocorrendoli.

215 634 331 681 Fece
357 634 498 680 molta
522 634 738 681 instancia
762 634 790 681 il
815 635 943 681 detto
975 636 1267 699 monsignore
1300 636 1345 682 di
1378 636 1518 682 bauer
1551 636 1697 683 alcuni
1728 637 1785 683 de

150 709 289 755 nostri
316 725 396 771 per
428 725 487 754 un
519 721 642 755 certo
675 708 871 765 castello,
902 727 955 755 su
987 709 1091 773 quel
1117 710 1162 757 di
1192 710 1333 767 Luca,
1358 710 1596 757 offerendo
1629 711 1784 773 proui-

148 783 272 830 sione
297 800 377 846 per
403 800 463 829 un
492 797 534 845 5,
559 795 658 840 ete.;
685 801 758 829 ma
782 783 825 829 io
846 784 907 847 gli
933 784 1064 840 disse,
1089 784 1172 830 che
1190 784 1252 847 gli
1273 784 1412 830 nostri
1433 801 1569 829 erano
1589 784 1783 830 richiesti

147 857 206 903 da
231 870 353 903 tante
378 857 515 920 parti,
541 857 623 903 che
648 874 740 902 non
763 874 894 920 sapea
917 874 963 903 se
987 857 1049 920 gli
1076 857 1285 920 potriano
1306 860 1386 920 per
1404 857 1516 903 hora
1536 857 1782 913 attendere;

148 947 222 977 ma
246 932 328 978 che
354 948 409 977 ne
434 931 636 988 auisaria,
661 948 792 978 come
816 931 877 977 lui
905 931 1048 977 molto
1073 948 1146 976 me
1182 930 1224 976 lo
1249 931 1593 987 ricomandaua,
1626 943 1708 977 etc.
1742 931 1781 977 si

145 1005 228 1052 che
253 1023 346 1052 non
369 1005 404 1051 si
429 1022 582 1051 acorse
606 1006 755 1051 niente
778 1005 860 1052 che
892 1005 932 1051 la
955 1004 1244 1068 Compagnia
1270 1022 1360 1050 non
1386 1003 1504 1051 fosse
1530 1022 1609 1068 per
1642 1016 1781 1051 accet-

146 1091 239 1125 tare
262 1079 394 1125 simili
419 1078 593 1142 logheti
618 1095 706 1143 per·
720 1078 848 1125 molti
875 1079 994 1135 anni,
1022 1090 1066 1125 et
1091 1081 1213 1125 resto
1238 1077 1462 1125 satisfatto
1485 1079 1513 1126 ¹.

210 1153 379 1199 Alcuni
407 1153 536 1199 amici
563 1153 608 1198 in
636 1153 829 1199 Rauena
854 1152 916 1199 mi
945 1152 1065 1198 hano
1085 1152 1258 1216 parlato
1276 1153 1322 1199 di
1344 1151 1438 1198 fare
1456 1170 1517 1198 un
1538 1152 1777 1216 colleggi03

146 1244 219 1273 ma
242 1227 309 1273 sin
335 1227 447 1272 hora
471 1243 563 1272 non
590 1226 617 1272 li
643 1242 762 1289 uego
787 1225 1087 1272 fondamento
1117 1226 1382 1281 sofficiente3
1419 1225 1607 1272 uoriano
1633 1226 1781 1272 alcuni

145 1300 383 1347 sacerdotti
410 1316 492 1363 per
516 1300 643 1357 hora,
667 1313 712 1345 et
735 1312 855 1346 tutta
875 1300 913 1345 la
936 1317 1040 1346 cosa
1063 1300 1227 1346 dicono
1248 1300 1504 1356 consistere,
1520 1300 1602 1345 che
1620 1299 1782 1346 alcuno

146 1375 427 1437 predicatore
463 1372 580 1419 della
610 1373 901 1436 Compagnia
937 1373 1051 1418 saria
1084 1373 1277 1437 bisogno
1316 1390 1397 1436 per
1437 1374 1519 1420 dar
1560 1374 1783 1437 principio

145 1465 170 1493 a
193 1448 252 1494 tal
278 1447 477 1510 negotio,
503 1447 694 1492 essendo
717 1447 800 1492 che
824 1447 959 1509 pochi
986 1448 1137 1493 hanno
1161 1446 1483 1493 informatione
1503 1447 1617 1494 della
1638 1449 1781 1494 Com-

144 1522 330 1585 pagnia3
362 1533 406 1567 et
435 1521 530 1567 cosi
562 1520 650 1566 tale
681 1538 773 1566 non
804 1521 837 1565 si
872 1538 1028 1577 moue,
1059 1521 1142 1566 che
1172 1521 1205 1566 si
1246 1522 1461 1567 moueria.
1496 1522 1658 1567 Chiese
1699 1539 1782 1584 par

146 1612 236 1640 non
263 1596 289 1641 li
316 1611 488 1651 manca,
515 1592 563 1639 et¹
585 1593 724 1649 bone;
750 1604 795 1639 et
827 1595 1013 1639 masime
1047 1611 1136 1639 una
1163 1594 1233 1640 del
1265 1594 1433 1657 Spirito
1465 1609 1616 1651 santo,
1649 1595 1783 1658 quale

143 1669 202 1715 ha
221 1686 310 1715 una
334 1669 481 1715 abatia
499 1668 544 1714 d’
566 1685 627 1714 un
647 1685 844 1714 vescouo
871 1669 916 1714 di
943 1669 1113 1724 Grassi,
1134 1669 1416 1731 bolognesse,
1436 1670 1556 1733 qual,
1576 1681 1717 1728 certo,
1735 1686 1782 1715 se

142 1743 315 1790 uolesse
339 1743 562 1806 applicare
586 1754 632 1790 et
653 1744 687 1789 si
713 1757 907 1806 potesse,
926 1744 999 1790 del
1020 1744 1207 1790 entrade
1228 1761 1318 1790 non
1342 1743 1366 1788 li
1389 1760 1561 1800 manca,
1581 1755 1625 1789 et
1646 1745 1669 1789 ἐ
1690 1761 1782 1789 una

143 1817 367 1863 belissima
390 1830 434 1863 et
459 1818 752 1864 deuotissima
775 1818 943 1865 chiesa:
965 1835 1010 1864 se
1036 1819 1095 1881 gli
1122 1819 1222 1865 dice
1249 1821 1272 1864 8
1302 1835 1438 1875 mese,
1462 1831 1507 1864 et
1531 1835 1576 1863 se
1601 1817 1661 1880 gli
1688 1818 1779 1864 tien

142 1892 304 1946 choro;
332 1908 404 1936 ma
430 1908 536 1954 pare
561 1909 650 1937 non
678 1892 862 1937 trouino
886 1893 1002 1954 preti
1027 1893 1271 1938 abastanza
1289 1891 1322 1939 ².

209 1965 377 2020 Credo,
393 1977 532 2021 certo,
552 1966 590 2010 ci
610 1966 724 2011 saria
739 1964 856 2011 fatto
875 1966 947 2012 del
965 1966 1097 2023 bene,
1117 1966 1278 2029 poiche
1298 1965 1434 2029 quelli
1450 1965 1521 2011 del
1540 1965 1629 2011 bon
1649 1966 1778 2026 Jessl,

143 2040 265 2103 quali
305 2040 366 2085 ho
404 2040 603 2098 uisitato,
643 2057 735 2085 non
773 2039 1094 2097 confessando,
1131 2041 1188 2086 ne
1232 2041 1526 2104 predicando,
1569 2042 1625 2086 ne
1663 2041 1779 2087 altro

143 2113 354 2170 facendo,
385 2131 431 2159 se
463 2131 552 2160 non
587 2114 613 2160 il
646 2114 743 2160 dire
779 2114 818 2159 le
847 2130 926 2160 sue
959 2130 1080 2160 mese
1100 2109 1154 2161 'et
1183 2115 1334 2161 ufficio
1373 2126 1554 2161 cantato
1587 2115 1778 2161 deuota-

143 2199 308 2244 mente‚
338 2205 551 2234 crescono
583 2187 726 2234 molto
763 2188 809 2234 in
840 2188 1003 2244 robba,
1027 2205 1115 2235 oue
1155 2188 1217 2252 gli
1259 2206 1448 2245 auanza,
1481 2188 1663 2245 dicono,
1697 2189 1775 2251 pisi

142 2262 258 2308 della
282 2264 402 2308 meta
427 2262 540 2308 delle
564 2262 770 2320 entrade,
796 2263 1008 2309 hauendo
1033 2263 1090 2309 da
1113 2281 1146 2322 4
1167 2280 1196 2309 o
1220 2263 1383 2327 cinque
1415 2263 1708 2326 possessioni,
1733 2275 1778 2307 et

142 2348 380 2398 comprato
406 2353 467 2382 un
494 2336 563 2382 bel
591 2337 766 2398 palazo,
791 2348 836 2383 et
861 2335 1076 2383 fabricata
1099 2354 1190 2383 una
1214 2338 1328 2384 bella
1358 2337 1540 2392 chicsia3
1574 2337 1631 2382 ne
1664 2354 1778 2382 sono

143 2426 188 2455 se
213 2427 304 2455 non
332 2410 358 2456 6
380 2410 599 2456 sacerdoti
625 2421 670 2456 et
701 2410 864 2473 cinque
890 2410 1006 2467 laici,
1031 2408 1100 2456 fra
1124 2410 1244 2474 quali
1263 2411 1373 2457 duoi
1399 2411 1527 2473 preti.
1551 2410 1628 2455 Ne
1653 2409 1722 2455 lor
1741 2410 1775 2456 si

200 2587 212 2612 ¹
273 2590 402 2626 «Idem
432 2590 708 2637 Suffraganeus
739 2592 880 2637 agebat
912 2592 958 2627 de
986 2592 1160 2639 Collegio
1187 2593 1226 2629 in
1252 2594 1419 2640 quodam
1447 2593 1590 2638 oppido
1617 2593 1776 2628 dominii

143 2652 329 2688 Lucensis
350 2652 598 2699 instituendo,
620 2656 656 2688 et
676 2654 726 2689 ad
747 2653 915 2700 quinque
938 2655 1212 2692 sustentandos
1232 2656 1450 2692 necessaria
1473 2655 1553 2701 ipse
1579 2654 1774 2690 offerebat.

144 2714 221 2751 Sed
242 2715 475 2761 significavit
503 2715 537 2751 ei
563 2716 602 2751 P.
625 2716 802 2752 Andreas
829 2716 1047 2763 hujusmodi
1069 2717 1274 2764 collegiola
1295 2728 1334 2754 se
1355 2727 1432 2753 non
1461 2718 1614 2753 credere
1639 2717 1778 2752 admit-

142 2777 297 2813 tenda».
318 2777 524 2823 POLANco,
546 2774 660 2823 ibid„
678 2788 715 2814 n.
738 2778 827 2814 808.
1016 2768 1022 2774 ⁸

195 2835 212 2861 ²
270 2839 425 2885 «Aliqui
446 2840 561 2876 etiam
583 2840 696 2876 amici
717 2840 763 2876 de
786 2840 961 2886 collegio
982 2840 1188 2877 Ravennae
1217 2842 1451 2878 instituendo
1474 2829 1650 2887 agebant,
1671 2844 1707 2877 et
1729 2841 1778 2876 ad

143 2911 203 2937 res
224 2903 510 2947 praeparandas
531 2902 841 2939 concionatorem
861 2902 960 2938 mitti
984 2903 1180 2949 optabant:
1202 2903 1250 2940 Et
1270 2914 1355 2940 cum
1378 2904 1454 2939 fere
1475 2903 1777 2950 quadringentas

143 2963 327 3000 ecclesias
346 2963 504 3000 haberet
523 2964 723 3010 Ravenna,
743 2975 860 3000 unam
880 2964 951 3000 sub
972 2964 1216 3002 invocatione
1244 2965 1375 3003 Sancti
1405 2966 1570 3011 Spiritus
1598 2968 1777 3011 opportu-

143 3034 231 3059 nam
264 3023 342 3059 fore
371 3025 564 3071 dicebant,
595 3036 692 3072 quae
726 3026 776 3061 ad
806 3026 1012 3074 quamdam
1043 3026 1252 3064 Abbatiam
1280 3028 1533 3074 pertinebat».
1570 3027 1776 3071 POLANCO,

142 3082 257 3132 zbid„
278 3097 314 3123 n.
336 3086 425 3134 809.
