2008 3510
740 275 761 314 3
792 262 1031 302 Decemmus
1063 262 1163 314 1548
1637 260 1713 312 675

889 436 1026 471 1223

725 532 923 569 JACOBA
950 532 1018 569 DE
1047 532 1179 569 CROY

385 627 627 674 PATRI
687 627 1008 675 IGNATIO
1065 627 1167 674 DE
1223 627 1535 674 LOYOLA

472 731 523 757 Ex
553 731 707 758 CASTRO
735 731 943 759 woquNo
974 733 995 771 3
1025 730 1259 759 DECEMBRIS
1291 719 1391 770 1548
1420 718 1447 758 ¹.

146 826 270 863 Multa
292 837 405 873 prece
426 827 564 864 nititur
584 828 733 864 Patrem
756 828 960 874 Gaudano,
983 829 1030 864 ad
1051 827 1285 864 excolendos
1304 827 1470 873 populos
1490 827 1562 863 sibi
1583 827 1770 874 subditos,

198 899 390 927 revocare.

209 1029 368 1076 Gratia
401 1030 575 1076 domini
612 1031 750 1077 nostri
785 1031 896 1091 Jesu
932 1030 1044 1093 Xpi.
1077 1029 1134 1076 sit
1166 1046 1346 1093 semper
1374 1040 1538 1076 tecum.
1578 1030 1774 1088 Literas,

143 1119 271 1167 quas,
290 1103 484 1151 abeunte
510 1105 582 1151 M.
604 1105 798 1152 Nicolao
822 1104 1063 1161 Gaudano,
1084 1102 1221 1150 fratre
1240 1116 1336 1161 tuo,
1356 1103 1602 1150 reverende
1626 1104 1774 1162 Pater,

145 1178 292 1240 accepi
318 1195 343 1224 a
367 1190 445 1225 tua
478 1179 812 1238 dominatione,
844 1179 1233 1226 extimulauerunt
1264 1190 1315 1225 vt
1345 1189 1391 1225 et
1421 1179 1501 1225 has
1530 1178 1689 1225 alteras
1719 1178 1776 1225 ad

145 1253 504 1300 dominationem
531 1266 656 1300 tuam
689 1254 954 1313 scriberem,
978 1254 1189 1301 fiduciam
1223 1254 1414 1300 omnino
1436 1254 1608 1310 dantes,
1635 1254 1776 1317 quod,

147 1343 227 1389 per
251 1327 424 1389 priores
447 1327 691 1391 impetrare
715 1344 808 1374 non
834 1327 973 1386 licuit,
998 1344 1079 1391 per
1098 1327 1177 1373 has
1195 1327 1352 1373 saltem
1377 1327 1721 1390 impetraturam
1743 1325 1774 1374 ².

150 1400 440 1447 Pollicebaris
463 1402 582 1447 enim
622 1401 727 1464 (nisi
754 1414 879 1448 tuam
905 1402 1267 1449 dominationem
1292 1401 1436 1466 fugit)
1463 1412 1507 1448 te
1540 1417 1775 1465 nunquam

149 1473 364 1538 Bergensi
390 1475 564 1539 populo
588 1474 881 1533 defuturum3
906 1476 1050 1522 immo
1074 1476 1357 1533 adnisurum,
1386 1486 1434 1522 vt
1458 1476 1534 1539 pio
1558 1487 1603 1522 et
1627 1487 1709 1522 tuo
1732 1486 1777 1522 et

146 1560 332 1595 tuorum
365 1562 532 1596 conatu
564 1561 609 1596 et
640 1550 852 1613 precibus
882 1551 1013 1597 Deus
1051 1551 1096 1596 in
1128 1550 1301 1614 populo
1334 1566 1457 1607 meo,
1494 1551 1638 1596 immo
1672 1567 1775 1608 suo,

146 1625 271 1688 quod
297 1625 430 1688 cepit,
455 1625 592 1671 etiam
618 1625 836 1688 perficiat.
864 1625 1041 1671 Verum
1068 1626 1128 1671 ob
1154 1625 1199 1672 id
1228 1625 1302 1673 M.
1322 1625 1569 1671 Nicolaum
1588 1641 1777 1671 auocare

146 1710 189 1745 te
213 1699 409 1758 dicebas,
433 1710 486 1746 vt
508 1699 616 1756 eius,
641 1699 719 1764 qui
746 1711 788 1746 te
813 1699 910 1747 vice
935 1700 1024 1746 Dei
1050 1711 1227 1764 patrem
1255 1699 1299 1745 in
1324 1699 1455 1746 terris
1473 1698 1714 1763 delegerat,
1732 1710 1778 1746 et

145 1789 332 1820 omnem
371 1773 461 1820 vite
497 1774 719 1820 rationem
756 1791 813 1821 ex
848 1785 929 1821 tuo
967 1774 1154 1820 arbitrio
1186 1773 1511 1820 instituendam
1550 1772 1777 1837 pollicitus

147 1847 314 1906 fuerat,
351 1849 514 1912 spiritu
543 1861 588 1896 et
619 1848 776 1931 gratiis
807 1849 889 1912 ipsi
922 1849 1142 1895 concessis
1172 1866 1197 1895 a
1227 1849 1332 1896 Deo
1361 1849 1540 1913 optimo
1576 1849 1777 1896 maximo

146 1922 340 1986 cognitis
370 1933 414 1969 et
443 1924 706 1986 perspectis,
732 1906 992 1986 vberiorem
1025 1924 1154 1970 isthic
1189 1924 1375 1987 spiritus
1409 1924 1775 1971 exercitationem

147 2007 340 2059 caperet,
364 2007 410 2042 et
433 2008 752 2060 prepararetur
777 1997 834 2044 ad
860 1997 1076 2044 maiorem
1098 2014 1290 2046 messem
1316 1998 1560 2044 Domino
1551 2015 1596 2045 in
1616 1999 1778 2045 horrea

146 2070 511 2117 conuehendam.

212 2144 353 2191 Nunc
378 2156 503 2191 tuam
528 2144 889 2191 dominationem
914 2128 1003 2208 per.
1019 2145 1261 2192 dominum
1285 2145 1448 2206 Jesum
1472 2145 1705 2209 deprecor,
1726 2156 1777 2191 vt

147 2235 266 2265 nunc
297 2219 504 2276 tandem,
535 2219 744 2282 promissi
777 2235 974 2276 memor,
1008 2219 1083 2266 M.
1116 2219 1362 2270 Nicolaum
1395 2220 1451 2266 ad
1482 2235 1689 2265 meorum
1714 2219 1776 2265 ci-

146 2292 274 2338 uium
301 2293 540 2339 vtilitatem
566 2305 610 2339 et
633 2293 823 2339 salutem
850 2291 1107 2338 vberiorem
1134 2293 1360 2340 destinare
1384 2293 1472 2340 huc
1496 2293 1707 2357 digneris.

209 2366 287 2413 Ad
330 2366 513 2423 maiora,
551 2364 670 2412 forte
709 2366 842 2424 dices,
884 2364 1013 2411 illum
1050 2367 1328 2428 parandum,
1369 2383 1509 2431 quarn
1550 2378 1601 2413 vt
1642 2366 1774 2412 vnico

146 2439 352 2503 bergensi
379 2441 552 2504 populo
575 2457 762 2487 omnem
787 2440 844 2486 sit
867 2456 1114 2502 spensurus
1139 2457 1268 2488 suam
1293 2458 1494 2505 operam.
1523 2441 1634 2487 Hoc
1658 2458 1773 2505 quo-

146 2530 234 2578 que
257 2525 302 2560 et
326 2530 412 2577 ego
435 2514 550 2560 dico.
583 2514 683 2560 Nec
715 2513 842 2560 illum
868 2530 1010 2577 vsque
1040 2515 1154 2560 adeo
1178 2533 1202 2560 a
1227 2526 1270 2562 te
1300 2532 1488 2562 exorare
1521 2515 1704 2571 niterer,
1737 2515 1771 2561 si

146 2588 283 2634 solius
306 2588 498 2634 ciuitatis
523 2588 752 2652 bergensis
776 2588 886 2634 mihi
912 2605 1019 2634 cura
1044 2600 1169 2636 esset.
1199 2589 1392 2648 Verum,
1417 2606 1558 2653 queso
1582 2601 1638 2646 te,
1658 2602 1773 2653 quot

149 2662 285 2708 millia
309 2662 379 2708 hic
403 2662 447 2708 in
472 2663 688 2709 omnibus
719 2662 848 2709 terris
875 2663 984 2708 meis
1008 2674 1141 2725 putas
1171 2680 1285 2720 esse,
1316 2664 1394 2727 qui
1428 2663 1630 2709 nesciunt
1659 2663 1771 2727 quid

202 2818 214 2843 ¹
270 2819 327 2856 Ex
346 2821 523 2867 originali
544 2821 582 2856 in
603 2820 678 2857 vol.
701 2816 836 2870 Epist.
859 2816 1102 2866 variorum,
1125 2820 1364 2867 sesquifolio,
1386 2832 1422 2857 n.
1448 2832 1481 2865 1,
1502 2820 1607 2866 prius
1628 2821 1716 2865 460.

198 2878 215 2904 2
270 2882 362 2928 Agit
382 2883 428 2918 de
449 2883 522 2918 hac
547 2893 585 2918 re
611 2882 819 2925 POLANCO‚
842 2884 868 2918 t.
889 2888 920 2926 1,
941 2891 1027 2927 pag.
1051 2892 1138 2928 294,
1160 2891 1256 2930 295,
1285 2893 1322 2920 n.
1347 2883 1432 2929 258.
1461 2882 1577 2917 Porro
1601 2882 1773 2928 Ignatius

146 2943 297 2980 Patrem
318 2943 505 2980 Gaudano
532 2944 705 2991 aliosque
732 2943 892 2980 Romam
920 2943 1190 2991 arcessiverat,
1217 2945 1341 2991 inquit
1367 2945 1451 2989 ille,
1476 2948 1540 2979 «ut
1566 2943 1773 2981 Societatis

147 3006 362 3047 institutum
395 3011 431 3042 et
462 3006 616 3043 vivendi
648 3006 849 3043 formulam
880 3005 1017 3041 melius
1048 3005 1316 3043 imbiberent».
1350 3006 1420 3042 Cui
1450 3006 1574 3042 sancti
1602 3006 1773 3043 Parentis

149 3068 313 3104 consilio
337 3078 413 3104 non
444 3068 556 3105 facile
583 3068 776 3115 acquievit
803 3066 1083 3103 marchionissa
1109 3069 1320 3115 bergensis,
1350 3069 1496 3104 Jacoba
1522 3069 1569 3103 de
1595 3067 1710 3114 Croy,
1730 3072 1772 3104 ut

155 3142 201 3168 ex
223 3132 308 3168 aliis
330 3133 498 3179 ejusdem
521 3133 656 3168 litteris
675 3137 793 3179 patet,
814 3128 949 3181 Epist.
971 3127 1149 3177 Miz-tae,
1170 3139 1196 3169 t.
1217 3141 1259 3178 11,
1280 3143 1364 3179 pag.
1388 3132 1476 3176 416,
1497 3142 1586 3177 417.
