2008 3510
260 249 337 298 760
731 247 966 287 EPISTOLAE
993 249 1216 288 M1x1-A1z-
1225 261 1241 287 1
1249 262 1270 301 3
1278 261 1293 288 1
1301 249 1324 287 8

204 354 421 402 hallarme
460 354 577 401 bien.
623 355 670 401 Y
700 371 877 419 porque
918 355 1076 403 desseo
1106 373 1196 422 que
1225 366 1318 404 esta
1347 366 1484 421 gente
1513 356 1656 403 sienta
1695 356 1839 421 algi‘m

203 429 438 494 prouecho
462 429 666 492 spiritual
694 447 721 492 y
749 430 957 494 corporal
989 448 1074 477 con
1109 431 1168 478 mi
1201 432 1455 494 presencia,
1485 448 1574 495 que
1603 431 1659 478 de
1690 441 1839 478 entra-

205 521 300 551 mas
324 521 449 550 cosas
474 504 624 550 tienen
658 505 786 551 harta
818 505 1098 566 necessidad,
1131 506 1248 552 seria
1283 523 1392 569 muy
1427 508 1454 554 a
1485 506 1724 570 proposito
1749 523 1839 571 que

204 580 264 627 V.
292 580 345 627 P.
374 596 455 626 nos
481 580 659 626 enbiase
684 579 824 644 algi'm
857 580 1002 627 Padre
1027 582 1155 628 dessa
1179 598 1297 639 casa,
1329 598 1418 645 que
1454 592 1670 628 mostrase
1698 584 1723 628 a
1746 595 1839 628 esta

205 666 341 719 gente
367 654 406 700 la
432 654 639 700 doctrina
663 672 691 717 y
718 655 823 701 vida
849 655 1109 714 christiana,
1135 673 1163 718 y
1190 673 1298 719 para
1322 656 1409 702 ello
1434 674 1494 719 yo
1520 656 1559 702 le
1591 656 1700 703 dare
1728 657 1838 703 todo

203 729 243 776 el
269 728 402 776 fauor
426 747 452 791 y
478 729 625 792 ayuda
649 747 738 792 que
769 747 1030 794 conuenga,
1062 748 1151 794 que
1180 748 1235 776 en
1268 748 1383 794 poco
1414 731 1588 794 tiempo
1619 730 1661 777 lo
1691 731 1839 794 podra

203 821 348 868 poner
371 821 426 850 en
451 805 611 852 orden.
637 806 683 851 Y
711 822 886 869 porque
911 808 1038 852 terna
1065 808 1161 853 mas
1185 806 1306 852 calor
1330 807 1519 852 estando
1544 824 1602 868 yo
1631 817 1839 869 presente

204 896 294 942 que
318 888 523 935 ausente,
555 880 652 924 sera
679 879 780 925 bien
809 880 948 925 hazer
977 896 1066 943 que
1097 897 1244 943 venga
1276 880 1432 944 luego,
1464 897 1552 944 que
1584 880 1719 926 tierra
1743 898 1789 927 es
1813 883 1838 928 a

188 969 295 1016 *que
319 969 364 998 se
390 952 538 1015 puede
562 952 693 999 venir
719 955 744 999 a
769 969 943 999 recrear
967 965 1084 1000 estos
1108 954 1191 1000 dos
1218 971 1371 1000 meses.
1399 954 1606 1000 Nuestro
1630 953 1771 1000 Sefior
1799 954 1839 1000 la

200 1044 312 1091 muy
342 1029 460 1075 Rda.
489 1045 682 1092 persona
706 1029 763 1075 de
787 1029 847 1077 V.
875 1029 928 1076 P.
955 1029 1127 1093 g'uarde
1159 1046 1186 1092 y
1217 1046 1435 1075 conserue
1465 1046 1522 1075 en
1547 1045 1600 1074 su
1630 1029 1837 1076 seruiciO.

204 1102 279 1148 De
322 1102 564 1172 (s'eperano
596 1102 797 1165 primero
829 1103 885 1150 de
914 1102 1163 1149 Setiembre
1201 1117 1322 1165 1550
1343 1103 1370 1149 ¹.
1408 1104 1453 1148 A
1487 1102 1529 1148 lo
1559 1120 1648 1167 que
1678 1103 1738 1150 V.
1785 1102 1835 1149 P.

207 1177 439 1235 mandare,

521 1249 573 1298 F.
614 1266 673 1297 DE
711 1251 990 1310 MENDOGA,
1026 1250 1342 1297 CARmNALis
1379 1250 1590 1297 BURGEN
1613 1249 1642 1297 2.

269 1369 521 1431 Inscriptio:
559 1368 620 1414 Al
649 1385 760 1432 muy
785 1369 912 1416 Rdo.
939 1374 1086 1426 sefior,
1113 1370 1163 1416 P.
1196 1369 1345 1417 Mtro.
1372 1369 1577 1433 Ignacio,
1605 1368 1838 1432 preposito

203 1443 260 1491 de
287 1443 326 1489 la
351 1443 612 1506 Compafiia
642 1443 744 1507 [de]
773 1444 924 1505 Jesfis,
953 1445 1122 1492 Roma.

257 1615 270 1640 ¹
329 1617 394 1654 Sic
427 1617 628 1663 perspicue
661 1616 818 1663 legitur;
857 1627 988 1652 verum
1022 1627 1069 1652 ex
1096 1616 1171 1662 his,
1199 1625 1297 1662 quae
1324 1625 1413 1651 mox
1446 1615 1638 1660 dicemus,
1673 1614 1838 1661 epistola

202 1679 347 1725 scripta
365 1679 517 1715 videtur
538 1689 639 1715 anno
659 1687 772 1726 1552.

256 1738 273 1764 2
328 1741 428 1777 Vide
450 1741 560 1787 epist.
585 1741 699 1786 1284,
726 1751 811 1786 pag.
836 1741 932 1788 694,
954 1743 1082 1776 annot.
1106 1751 1141 1786 2,
1171 1739 1236 1775 ubi
1264 1739 1432 1775 diximus
1457 1738 1707 1775 Franciscum
1733 1739 1838 1775 Men-

203 1805 302 1840 doza
323 1815 368 1840 ex
383 1805 474 1840 sede
495 1804 686 1840 cauriensi
708 1805 756 1839 ad
777 1804 1005 1849 burgensem
1022 1803 1139 1840 fuisse
1155 1803 1397 1839 translatum.
1416 1802 1531 1838 Porro
1551 1803 1722 1849 ejusdem
1739 1802 1840 1839 votis

202 1867 406 1913 Ignatium,
424 1877 524 1902 anno
543 1871 670 1902 tamen
690 1874 803 1914 1552,
821 1867 1145 1902 obsecundavisse
1163 1869 1291 1901 narrat
1311 1865 1520 1910 POLANCO,
1538 1868 1564 1902 t.
1582 1874 1625 1911 Π,
1644 1875 1730 1911 pag.
1751 1873 1839 1912 559,

203 1941 239 1967 n.
264 1938 354 1978 351:
380 1930 647 1976 «Cyperanum
668 1930 740 1964 hoc
761 1939 861 1964 anno
883 1929 1023 1965 missus
1045 1929 1115 1964 fuit
1134 1928 1385 1964 Sebastianus
1406 1927 1552 1972 Romei,
1570 1938 1656 1963 cum
1673 1927 1840 1973 aliquem

203 1998 350 2040 peteret
372 1993 590 2030 Cardinalis
611 1993 852 2038 Mendozius;
873 2003 944 2028 nec
965 1992 1065 2027 enim
1089 1991 1280 2027 Sacerdos
1305 1990 1506 2026 commode
1523 1989 1622 2025 mitti
1642 1988 1778 2035 potuit,
1799 1992 1841 2024 ut

203 2057 268 2093 ille
289 2061 501 2103 optaverat.
532 2056 668 2101 Coepit
695 2059 821 2091 autem
843 2057 953 2102 juxta
981 2054 1197 2091 Cardinalis
1225 2057 1392 2089 mentem
1421 2052 1592 2088 scholam
1621 2052 1780 2098 aperire,
1802 2051 1840 2087 in

204 2130 279 2166 qua
299 2129 439 2165 pueros
460 2120 587 2164 legere
609 2122 646 2154 et
666 2118 845 2163 scribere,
868 2122 904 2153 et
924 2118 1076 2163 aliquos
1100 2127 1232 2152 eorum
1255 2116 1371 2152 etiam
1385 2114 1688 2161 grammaticam,
1708 2124 1841 2150 omnes

204 2186 331 2218 autem
353 2182 467 2217 simul
489 2180 702 2217 doctrinam
724 2180 974 2216 christianam
995 2179 1160 2225 edocuit,
1187 2179 1290 2225 quod
1317 2188 1395 2213 non
1416 2178 1497 2213 sine
1524 2187 1666 2222 magno
1687 2177 1840 2212 illorum

204 2244 329 2280 fructu
363 2247 399 2280 et
433 2248 632 2290 parentum
661 2242 926 2279 consolatione
955 2242 1064 2288 fuit»,
1100 2246 1169 2278 ete.
1199 2241 1301 2276 Vide
1335 2240 1450 2276 etiam
1478 2236 1591 2283 ibid„
1628 2249 1714 2284 pag.
1750 2238 1840 2284 428,

204 2318 242 2343 n.
279 2317 339 2351 24.
372 2306 572 2341 Praeterea
606 2305 654 2341 ad
689 2316 831 2340 annum
869 2313 968 2352 1552
1005 2303 1223 2340 Sebastiani
1251 2302 1383 2338 Romei
1413 2301 1698 2347 expeditionem
1727 2300 1842 2336 refert

206 2369 491 2414 ORLANDINUS‚
509 2364 618 2405 Hz’st.
636 2364 726 2406 Soc.
742 2364 829 2411 Jes.
850 2368 915 2404 lib.
938 2375 1009 2413 ΧΠ,
1027 2378 1064 2404 n.
1085 2378 1099 2402 1
1111 2378 1144 2403 2.
1165 2366 1341 2412 Denique
1357 2365 1505 2411 aliquot
1521 2364 1687 2400 citantur
1702 2363 1841 2409 Ignatii

206 2432 393 2478 epistolae
425 2432 473 2466 ad
502 2431 600 2466 hanc
626 2440 703 2465 rem
734 2434 974 2475 spectantes,
1003 2439 1135 2465 mense
1166 2428 1323 2465 Octobri
1358 2435 1456 2476 1552
1486 2427 1611 2472 datae,
1632 2426 1839 2471 POLANCO‚

206 2499 231 2531 t.
253 2503 298 2540 11,
319 2504 406 2539 pag.
427 2504 518 2540 429,
541 2496 670 2529 annot.
696 2501 728 2537 1;
757 2503 853 2538 quae
884 2492 1012 2528 omnia
1037 2492 1201 2527 suadent
1227 2491 1462 2527 cardinalem
1489 2489 1679 2524 Mendoza
1700 2488 1840 2534 episto-

206 2557 282 2593 lam
305 2567 426 2602 suam,
449 2557 493 2591 de
515 2567 590 2602 qua
611 2555 772 2601 agimus,
794 2564 871 2590 non
888 2564 990 2590 anno
1015 2562 1126 2601 1550,
1149 2553 1216 2589 sed
1239 2561 1337 2601 1552
1360 2551 1512 2598 Ignatio
1529 2550 1742 2596 scripsisse.
1765 2549 1838 2597 Qui

208 2619 310 2656 enim
330 2619 410 2655 fieri
431 2622 592 2665 poterat,
608 2622 650 2654 ut
671 2617 732 2653 hic
753 2618 790 2652 in
812 2628 849 2652 re
871 2627 948 2653 non
965 2616 1126 2662 difficili,
1136 2625 1371 2661 ,responsum
1393 2624 1515 2650 annos
1536 2613 1634 2649 duos
1654 2612 1838 2658 differret,

208 2685 245 2718 et
277 2682 380 2728 quod
413 2681 629 2728 petebatur,
667 2683 746 2715 tam
780 2680 897 2725 longo
932 2678 1119 2724 temporis
1158 2677 1362 2713 intervallo
1397 2686 1468 2711 nec
1501 2674 1731 2711 concederet
1770 2683 1841 2710 nec

206 2748 364 2791 negaret
374 2741 387 2779 ?
