2008 3510
933 262 1051 314 1545?
1674 264 1751 314 635

179 379 331 415 mente
354 367 669 424 manifestado;
696 384 756 414 no
780 368 890 432 digo
915 367 1110 431 despues
1133 384 1222 431 que
1245 368 1302 414 de
1327 369 1405 414 aea
1423 368 1484 414 V.
1509 368 1568 414 R.
1589 385 1635 414 se
1654 368 1805 431 partio

179 443 328 507 luego,
355 459 450 489 mas
473 442 683 506 despues,
709 443 766 489 de
790 459 930 506 pocos
953 442 1053 489 dias
1076 444 1175 500 aea,
1200 442 1431 488 dandome
1458 444 1484 488 a
1509 459 1589 488 ver
1612 454 1688 488 tan
1713 442 1802 489 ine-

176 515 451 562 fablemente
474 515 516 562 la
537 515 769 579 ceguedad
792 532 849 562 en
873 532 963 580 que
986 516 1095 562 toda
1114 515 1176 562 mi
1200 515 1308 561 vida
1331 515 1388 561 he
1412 515 1570 562 viuido
1595 515 1607 561 i
1631 516 1805 574 estado,

178 606 239 636 no
265 589 512 636 solamente
536 606 592 636 en
615 589 654 635 el
680 589 852 653 tiempo
875 591 933 636 de
958 589 1020 635 mi
1037 588 1267 653 jobentud
1291 605 1320 651 y
1346 589 1558 651 puericia,
1584 606 1680 635 mas
1704 590 1806 637 des-

177 664 292 726 pues
315 680 404 728 que
427 663 493 709 soi
523 663 774 720 sacerdote,
806 680 835 726 y
853 663 1049 727 despues
1079 679 1168 727 que
1198 662 1397 726 pensaba
1426 679 1497 708 ser
1526 680 1584 725 ya
1615 664 1751 709 docto
1775 681 1804 726 y

175 737 539 800 esperimentado
569 754 597 799 y
622 736 761 800 biejo,
792 737 1026 800 pensando
1057 737 1114 783 de
1143 736 1226 783 dar
1255 736 1464 783 doctrina
1492 754 1521 798 y
1552 737 1717 783 modos
1748 738 1806 784 de

178 810 297 857 viuir
326 811 689 857 cristianamente
716 809 745 867 ¹,
778 828 838 856 no
873 810 970 857 solo
994 813 1020 858 Ξι
1050 811 1117 857 los
1140 827 1251 873 muy
1275 808 1503 873 perfectos
1536 810 1769 874 religiosos
1791 812 1804 857 i

175 884 358 943 doctos,
390 901 486 930 mas
510 901 535 929 a
559 884 623 930 los
660 884 755 930 mui
788 896 941 931 santos
965 902 992 947 y
1018 883 1244 948 perfectos
1277 884 1490 941 barones,
1516 884 1673 931 siendo
1704 901 1807 948 per-

175 958 367 1005 suadido
392 959 449 1004 de
479 959 541 1004 mi
574 958 699 1021 ciega
731 959 744 1004 i
774 957 1152 1022 deprabatissima
1184 958 1474 1022 ignorancia,
1498 975 1588 1022 que
1617 959 1764 1004 sentia
1793 959 1806 1005 i

175 1032 299 1078 tenia
323 1049 351 1095 y
375 1032 591 1079 entendia
614 1034 654 1079 el
680 1032 871 1096 espiritu
895 1033 952 1080 de
978 1033 1094 1079 Dios
1117 1033 1178 1079 N.
1204 1033 1271 1091 S.‚
1296 1050 1384 1097 que
1409 1033 1494 1080 X.⁰
1516 1033 1647 1093 Jhu.,
1671 1037 1807 1079 sefior

176 1118 376 1164 nuestro‚
402 1124 430 1169 y
455 1124 507 1152 su
532 1118 682 1153 sancta
705 1106 927 1170 scriptura
953 1110 979 1154 a
1004 1108 1070 1153 los
1095 1106 1322 1154 humildes
1353 1107 1410 1153 de
1438 1106 1605 1170 spiritu
1635 1123 1681 1152 se
1710 1123 1807 1153 ma-

175 1180 350 1226 nifiesta
373 1198 400 1243 y
427 1180 598 1239 rebela,
623 1197 759 1227 como
784 1184 810 1228 a
835 1181 901 1227 los
925 1181 1168 1244 superbos,
1191 1197 1327 1227 como
1352 1183 1378 1227 a
1402 1180 1486 1238 mi,
1511 1196 1536 1225 a
1558 1179 1715 1226 estado
1739 1197 1807 1226 as-

172 1255 373 1301 condido
403 1272 432 1317 y
466 1255 660 1318 priuado
693 1255 759 1318 (?)
792 1272 820 1318 y
848 1272 958 1318 rnuy
982 1255 1039 1301 de
1068 1254 1214 1313 lexos,
1245 1254 1596 1318 engafiandome
1626 1270 1711 1300 con
1742 1254 1806 1300 mi

174 1328 385 1374 santidad
418 1328 475 1374 de
507 1328 614 1374 uida
644 1345 675 1390 y
707 1328 842 1374 obras
874 1345 904 1390 y
936 1328 1170 1391 exemplo,
1203 1339 1310 1385 etc.‚
1351 1344 1486 1374 como
1526 1327 1657 1391 aquel
1687 1343 1806 1390 puro

176 1401 405 1464 phariseo,
429 1412 535 1460 etc.‚
560 1401 596 1448 si
623 1418 719 1448 mas
744 1419 805 1448 no
827 1419 873 1448 es
897 1402 1023 1448 licito
1048 1403 1105 1448 de
1128 1402 1279 1460 dezir3
1305 1419 1335 1464 y
1360 1402 1556 1464 siempre
1578 1402 1805 1462 incessan-

172 1487 245 1521 ter
268 1492 328 1521 no
351 1475 526 1522 dexaba
549 1476 606 1522 de
628 1477 711 1522 dar
735 1493 764 1538 y
787 1476 982 1539 siempre
1007 1476 1161 1522 influir
1185 1476 1327 1524 dones
1356 1477 1490 1523 sobre
1514 1477 1678 1535 dones,
1703 1492 1806 1539 gra-

171 1549 263 1595 cias
295 1549 428 1596 sobre
465 1550 649 1613 gracias,
683 1550 1006 1614 inspiraciones
1041 1551 1174 1598 sobre
1205 1551 1527 1614 inspiraciones
1557 1568 1611 1596 en
1651 1561 1806 1596 tantos

142 1660 147 1662 <
177 1640 205 1685 y
239 1634 316 1669 tan
347 1623 553 1670 diuersos
594 1624 757 1671 modos
793 1641 823 1687 y
857 1641 1083 1683 maneras,
1117 1642 1173 1671 en
1215 1625 1401 1688 especial
1438 1626 1496 1672 de
1528 1642 1667 1688 pocos
1704 1625 1807 1671 dias

173 1707 302 1743 antes
327 1714 415 1760 que
439 1697 496 1744 de
524 1697 655 1743 Paris
683 1698 835 1745 saliese
854 1698 886 1756 ²,
915 1715 1049 1745 como
1079 1699 1274 1762 despues
1298 1715 1383 1762 por
1406 1698 1447 1744 el
1469 1699 1648 1744 camino
1673 1715 1700 1760 y
1726 1700 1804 1745 aca

172 1770 287 1817 cada
309 1771 394 1817 dia.

242 1845 394 1892 Como
416 1846 591 1891 crecian
622 1845 689 1892 los
713 1846 853 1892 dones
877 1863 904 1908 y
924 1847 1116 1910 gracias,
1141 1863 1216 1893 era
1247 1858 1373 1892 tanta
1401 1845 1443 1892 la
1468 1845 1751 1892 abundancia
1776 1863 1805 1908 y

171 1919 465 1965 crecimiento
488 1920 544 1966 de
569 1919 630 1965 mi
655 1920 889 1983 iniquidad
913 1937 943 1983 y
969 1921 1144 1979 malicia
1167 1938 1197 1983 y
1222 1921 1387 1966 misera
1411 1920 1690 1984 ignoranda,
1714 1937 1804 1984 que

171 1992 214 2038 el
238 1993 450 2057 enemigo
481 2010 540 2039 no
571 1993 692 2040 dexo
726 1994 783 2040 de
814 2005 942 2040 tanto
973 1996 1246 2057 apoderarse
1275 1995 1409 2041 sobre
1437 1995 1494 2042 de
1525 1995 1605 2051 mi,
1632 2011 1721 2058 que
1746 2011 1804 2058 yo

176 2132 306 2157 mense
334 2122 510 2168 Augusto
535 2131 655 2170 1544,
677 2133 809 2158 mense
837 2121 1055 2168 Septembri
1082 2122 1241 2159 Romam
1269 2123 1461 2169 profectus
1488 2127 1561 2168 est;
1583 2133 1659 2168 quo
1686 2123 1803 2158 etiam

175 2188 365 2229 tempore,
387 2185 478 2220 dum
504 2184 543 2219 in
564 2184 667 2220 viam
693 2194 734 2220 se
755 2185 821 2219 dat
846 2183 978 2220 Miona
997 2189 1038 2220 ut
1059 2185 1107 2220 ad
1128 2184 1265 2231 Ignatii
1286 2189 1535 2231 conspectum
1556 2184 1702 2230 veniat,
1723 2185 1802 2220 Me-

177 2246 322 2281 diolani
351 2250 555 2292 aegrotans
581 2245 731 2292 cogitur
756 2245 953 2292 paulisper
983 2246 1206 2284 consistere.
1233 2247 1447 2293 POLANCO,
1478 2250 1503 2282 t.
1533 2254 1562 2291 1,
1593 2256 1681 2292 pag.
1712 2257 1800 2292 140,

175 2318 212 2344 n.
243 2308 303 2354 76.
334 2307 434 2344 Illud
465 2312 611 2344 certum
639 2313 696 2344 est
725 2308 926 2354 epistolam
956 2308 1055 2344 hanc
1080 2308 1229 2354 insigne
1256 2310 1436 2355 praebere
1464 2309 1680 2354 exemplum
1706 2309 1802 2344 chri—

176 2370 324 2406 stianae
345 2370 572 2407 humilitatis
591 2371 713 2407 Patris
734 2371 868 2417 optimi
889 2370 1150 2407 Emmanuelis
1170 2371 1312 2408 Miona.
1337 2372 1463 2417 Atque
1484 2373 1579 2406 haec
1599 2371 1802 2416 potissima

178 2442 297 2467 causa
323 2436 380 2468 est
406 2443 472 2467 cur
497 2433 717 2479 hujusmodi
745 2433 891 2468 litteras
918 2433 1025 2478 prelo
1055 2433 1314 2479 subjiciendas
1341 2433 1800 2469 duximus—Probabile

178 2493 270 2529 item
290 2498 347 2529 est
373 2494 529 2530 easdem
548 2495 659 2531 datas
686 2495 802 2531 fuisse
824 2505 900 2530 non
928 2495 1049 2530 multo
1076 2499 1163 2541 post
1190 2506 1304 2542 quam
1325 2495 1559 2532 Societatem
1586 2495 1649 2530 ille
1676 2495 1800 2541 ingre·

179 2556 342 2602 deretur,
361 2567 437 2602 qua
455 2557 502 2591 de
519 2567 570 2599 re,
587 2557 740 2592 labente
756 2567 856 2592 anno
875 2565 989 2604 1545,
1007 2557 1154 2593 laetitia
1174 2558 1344 2604 gestiens
1362 2557 1495 2593 scribit
1510 2557 1648 2602 Araoz,
1665 2554 1800 2606 kjoz'st.

179 2615 359 2665 Mixtae,
380 2623 407 2655 t.
427 2628 454 2665 1,
474 2630 561 2665 pag.
585 2630 671 2666 ²43-
701 2620 797 2657 Cum
818 2625 944 2655 autern
971 2621 1010 2655 in
1030 2621 1102 2656 hac
1130 2621 1295 2667 epistola
1316 2631 1441 2656 sermo
1462 2620 1528 2655 fiat
1554 2621 1600 2655 de
1626 2619 1742 2656 sociis
1761 2620 1801 2655 in

180 2681 308 2716 Gallia
339 2682 598 2727 versantibus,
625 2683 748 2728 deque
777 2682 947 2718 antistite
975 2683 1283 2728 claromontano,
1313 2683 1394 2729 qui,
1425 2682 1556 2717 Miona
1581 2687 1756 2726 auctore,
1778 2692 1800 2716 a

179 2743 333 2779 Morillo
363 2744 621 2779 consulendus
653 2748 728 2789 est,
760 2744 1024 2780 existimamus
1054 2755 1139 2780 eam
1167 2745 1351 2790 scriptam
1385 2743 1502 2779 fuisse
1533 2744 1630 2778 inter
1659 2753 1800 2778 annum

183 2814 280 2853 1545
304 2810 341 2841 et
364 2806 476 2853 1546;
498 2817 586 2842 nam
603 2811 694 2842 tunc
716 2811 751 2842 et
770 2807 889 2843 nostri
909 2807 1076 2844 Parisios
1097 2808 1254 2854 rediere,
1272 2813 1309 2844 et
1330 2807 1566 2843 clarissimus
1588 2807 1802 2843 Gulielmus

180 2869 231 2903 du
257 2868 345 2904 Prat
376 2868 544 2904 studium
572 2868 610 2904 in
641 2868 874 2905 Societatem
902 2871 1085 2917 maJorem
1115 2870 1153 2906 in
1185 2871 1341 2906 modum
1372 2869 1572 2905 ostendere
1604 2871 1799 2915 pergebat.

178 2931 386 2977 POLANco‚
407 2935 432 2968 t.
455 2939 483 2977 1,
503 2941 590 2977 pag.
616 2931 701 2979 156,
723 2942 759 2968 n.
782 2941 843 2978 97,
866 2942 951 2978 pag.
978 2933 1064 2978 182,
1084 2943 1120 2969 n.
1145 2934 1231 2980 136.

233 2990 247 3017 ¹
303 2993 376 3030 Ms.
396 2990 676 3031 xianamente.

232 3051 250 3077 ²
304 3055 459 3091 Parisiis
473 3055 634 3091 Romam
654 3056 849 3101 profectus
869 3059 926 3091 est
945 3055 1089 3099 Miona,
1104 3060 1146 3092 ut
1166 3056 1371 3093 Societatis
1393 3054 1610 3091 tirocinium
1626 3058 1803 3101 poneret,

180 3126 282 3153 anno
306 3125 418 3164 1544.
439 3118 647 3164 POLANCO,
668 3122 693 3155 t.
714 3127 740 3164 1,
762 3128 850 3164 pag.
873 3129 960 3163 140,
982 3129 1020 3156 n.
1041 3119 1103 3165 76.
