<?xml version="1.0" encoding="UTF-8"?>
<!DOCTYPE html PUBLIC "-//W3C//DTD XHTML 1.0 Transitional//EN"
    "http://www.w3.org/TR/xhtml1/DTD/xhtml1-transitional.dtd">
<html xmlns="http://www.w3.org/1999/xhtml" xml:lang="en" lang="en">
 <head>
  <title>
</title>
<meta http-equiv="Content-Type" content="text/html;charset=utf-8" />
  <meta name='ocr-system' content='tesseract 3.04.00' />
  <meta name='ocr-capabilities' content='ocr_page ocr_carea ocr_par ocr_line ocrx_word'/>
</head>
<body>
  <div class='ocr_page' id='page_1' title='image "./epistolaemixtaee05matruoft_0573.png"; bbox 0 0 2008 3510; ppageno 0'>
   <div class='ocr_carea' id='block_1_1' title="bbox 734 251 1716 326">
    <p class='ocr_par' dir='ltr' id='par_1_1' title="bbox 734 251 1716 326">
     <span class='ocr_line' id='line_1_1' title="bbox 734 251 1716 326; baseline 0 -13"><span class='ocrx_word' id='word_1_1' title='bbox 734 275 780 314; x_wconf 89' lang='lat'>16</span> <span class='ocrx_word' id='word_1_2' title='bbox 809 276 1054 315; x_wconf 72' lang='lat' dir='ltr'>Dsscssussms</span> <span class='ocrx_word' id='word_1_3' title='bbox 1085 251 1190 326; x_wconf 72' lang='lat'>1556¹</span> <span class='ocrx_word' id='word_1_4' title='bbox 1639 275 1716 326; x_wconf 84' lang='lat'>567</span> 
     </span>
    </p>
   </div>
   <div class='ocr_carea' id='block_1_2' title="bbox 136 380 1777 2806">
    <p class='ocr_par' dir='ltr' id='par_1_2' title="bbox 136 380 1772 1035">
     <span class='ocr_line' id='line_1_2' title="bbox 141 380 1768 446; baseline -0.001 -18"><span class='ocrx_word' id='word_1_5' title='bbox 141 381 402 446; x_wconf 88' lang='lat' dir='ltr'>prouinciae</span> <span class='ocrx_word' id='word_1_6' title='bbox 425 380 750 445; x_wconf 79' lang='lat' dir='ltr'>praestantiora</span> <span class='ocrx_word' id='word_1_7' title='bbox 773 380 1055 444; x_wconf 85' lang='lat' dir='ltr'>gradientes,</span> <span class='ocrx_word' id='word_1_8' title='bbox 1086 380 1261 444; x_wconf 86' lang='lat' dir='ltr'>experti</span> <span class='ocrx_word' id='word_1_9' title='bbox 1290 391 1399 427; x_wconf 89' lang='lat' dir='ltr'>sunt</span> <span class='ocrx_word' id='word_1_10' title='bbox 1424 381 1560 444; x_wconf 93' lang='lat' dir='ltr'>(Deo</span> <span class='ocrx_word' id='word_1_11' title='bbox 1588 397 1674 444; x_wconf 90' lang='lat' dir='ltr'>pro</span> <span class='ocrx_word' id='word_1_12' title='bbox 1705 380 1768 428; x_wconf 91' lang='lat' dir='ltr'>eis</span> 
     </span>
     <span class='ocr_line' id='line_1_3' title="bbox 144 454 1770 519; baseline -0.001 -17"><span class='ocrx_word' id='word_1_13' title='bbox 144 456 303 502; x_wconf 90' lang='lat' dir='ltr'>melius</span> <span class='ocrx_word' id='word_1_14' title='bbox 327 455 621 519; x_wconf 89' lang='lat' dir='ltr'>prouidente)</span> <span class='ocrx_word' id='word_1_15' title='bbox 650 454 821 519; x_wconf 87' lang='lat' dir='ltr'>aliquid</span> <span class='ocrx_word' id='word_1_16' title='bbox 844 454 1088 501; x_wconf 84' lang='lat' dir='ltr'>sterilitatis</span> <span class='ocrx_word' id='word_1_17' title='bbox 1111 464 1156 500; x_wconf 93' lang='lat' dir='ltr'>et</span> <span class='ocrx_word' id='word_1_18' title='bbox 1179 454 1406 517; x_wconf 89' lang='lat' dir='ltr'>penuriae,</span> <span class='ocrx_word' id='word_1_19' title='bbox 1431 459 1547 519; x_wconf 83' lang='lat' dir='ltr'>q&#39;uae</span> <span class='ocrx_word' id='word_1_20' title='bbox 1571 454 1770 501; x_wconf 88' lang='lat' dir='ltr'>maxima</span> 
     </span>
     <span class='ocr_line' id='line_1_4' title="bbox 143 527 1770 592; baseline -0.001 -17"><span class='ocrx_word' id='word_1_21' title='bbox 143 542 238 576; x_wconf 88' lang='lat' dir='ltr'>erat</span> <span class='ocrx_word' id='word_1_22' title='bbox 262 529 308 575; x_wconf 89' lang='lat' dir='ltr'>in</span> <span class='ocrx_word' id='word_1_23' title='bbox 332 528 515 592; x_wconf 87' lang='lat' dir='ltr'>regione</span> <span class='ocrx_word' id='word_1_24' title='bbox 540 528 626 575; x_wconf 90' lang='lat' dir='ltr'>illa.</span> <span class='ocrx_word' id='word_1_25' title='bbox 659 527 1063 575; x_wconf 88' lang='lat' dir='ltr'>Concionabantur</span> <span class='ocrx_word' id='word_1_26' title='bbox 1091 544 1242 591; x_wconf 89' lang='lat' dir='ltr'>saepe,</span> <span class='ocrx_word' id='word_1_27' title='bbox 1274 527 1594 592; x_wconf 87' lang='lat' dir='ltr'>habebantque</span> <span class='ocrx_word' id='word_1_28' title='bbox 1625 527 1770 575; x_wconf 91' lang='lat' dir='ltr'>multa</span> 
     </span>
     <span class='ocr_line' id='line_1_5' title="bbox 145 601 1770 667; baseline -0.001 -17"><span class='ocrx_word' id='word_1_29' title='bbox 145 602 369 667; x_wconf 89' lang='lat' dir='ltr'>colloquia</span> <span class='ocrx_word' id='word_1_30' title='bbox 392 602 650 666; x_wconf 89' lang='lat' dir='ltr'>spiritualia.</span> <span class='ocrx_word' id='word_1_31' title='bbox 685 603 993 666; x_wconf 73' lang='lat' dir='ltr'>Quacumque</span> <span class='ocrx_word' id='word_1_32' title='bbox 1017 602 1157 661; x_wconf 86' lang='lat' dir='ltr'>ibant,</span> <span class='ocrx_word' id='word_1_33' title='bbox 1181 601 1398 661; x_wconf 88' lang='lat' dir='ltr'>offensas,</span> <span class='ocrx_word' id='word_1_34' title='bbox 1431 614 1588 649; x_wconf 89' lang='lat' dir='ltr'>contra</span> <span class='ocrx_word' id='word_1_35' title='bbox 1613 603 1770 649; x_wconf 91' lang='lat' dir='ltr'>Deum</span> 
     </span>
     <span class='ocr_line' id='line_1_6' title="bbox 143 674 1771 740; baseline 0 -18"><span class='ocrx_word' id='word_1_36' title='bbox 143 676 398 733; x_wconf 87' lang='lat' dir='ltr'>commisas‚</span> <span class='ocrx_word' id='word_1_37' title='bbox 422 675 740 739; x_wconf 86' lang='lat' dir='ltr'>corripiebant,</span> <span class='ocrx_word' id='word_1_38' title='bbox 766 676 811 721; x_wconf 92' lang='lat' dir='ltr'>in</span> <span class='ocrx_word' id='word_1_39' title='bbox 827 675 1198 740; x_wconf 90' lang='lat' dir='ltr'>juramentorum</span> <span class='ocrx_word' id='word_1_40' title='bbox 1233 676 1488 723; x_wconf 89' lang='lat' dir='ltr'>remedium</span> <span class='ocrx_word' id='word_1_41' title='bbox 1520 674 1771 723; x_wconf 86' lang='lat' dir='ltr'>confrater-</span> 
     </span>
     <span class='ocr_line' id='line_1_7' title="bbox 146 748 1771 813; baseline -0.001 -17"><span class='ocrx_word' id='word_1_42' title='bbox 146 750 333 796; x_wconf 89' lang='lat' dir='ltr'>nitatem</span> <span class='ocrx_word' id='word_1_43' title='bbox 357 750 791 813; x_wconf 85' lang='lat' dir='ltr'>comme[n]dantes,</span> <span class='ocrx_word' id='word_1_44' title='bbox 815 761 875 808; x_wconf 91' lang='lat' dir='ltr'>et,</span> <span class='ocrx_word' id='word_1_45' title='bbox 900 760 952 796; x_wconf 92' lang='lat' dir='ltr'>vt</span> <span class='ocrx_word' id='word_1_46' title='bbox 974 748 1106 796; x_wconf 91' lang='lat' dir='ltr'>ludos</span> <span class='ocrx_word' id='word_1_47' title='bbox 1129 749 1418 813; x_wconf 89' lang='lat' dir='ltr'>impedirent,</span> <span class='ocrx_word' id='word_1_48' title='bbox 1442 751 1620 796; x_wconf 88' lang='lat' dir='ltr'>carthas</span> <span class='ocrx_word' id='word_1_49' title='bbox 1643 767 1771 796; x_wconf 91' lang='lat' dir='ltr'>rum-</span> 
     </span>
     <span class='ocr_line' id='line_1_8' title="bbox 145 822 1772 887; baseline -0.001 -18"><span class='ocrx_word' id='word_1_50' title='bbox 145 823 312 886; x_wconf 90' lang='lat' dir='ltr'>pebant</span> <span class='ocrx_word' id='word_1_51' title='bbox 346 822 600 870; x_wconf 88' lang='lat' dir='ltr'>ludentium</span> <span class='ocrx_word' id='word_1_52' title='bbox 642 824 794 870; x_wconf 88' lang='lat' dir='ltr'>libenti</span> <span class='ocrx_word' id='word_1_53' title='bbox 830 823 999 881; x_wconf 88' lang='lat' dir='ltr'>animo,</span> <span class='ocrx_word' id='word_1_54' title='bbox 1037 822 1304 887; x_wconf 90' lang='lat' dir='ltr'>neutiquam</span> <span class='ocrx_word' id='word_1_55' title='bbox 1343 823 1450 886; x_wconf 88' lang='lat' dir='ltr'>ipsis</span> <span class='ocrx_word' id='word_1_56' title='bbox 1485 823 1772 886; x_wconf 89' lang='lat' dir='ltr'>praetoribus</span> 
     </span>
     <span class='ocr_line' id='line_1_9' title="bbox 143 896 1772 961; baseline -0.001 -18"><span class='ocrx_word' id='word_1_57' title='bbox 143 897 310 954; x_wconf 86' lang='lat' dir='ltr'>inuitis,</span> <span class='ocrx_word' id='word_1_58' title='bbox 336 897 447 960; x_wconf 90' lang='lat' dir='ltr'>quin</span> <span class='ocrx_word' id='word_1_59' title='bbox 481 898 632 960; x_wconf 89' lang='lat' dir='ltr'>potius</span> <span class='ocrx_word' id='word_1_60' title='bbox 670 898 752 961; x_wconf 91' lang='lat' dir='ltr'>ipsi</span> <span class='ocrx_word' id='word_1_61' title='bbox 790 897 1031 961; x_wconf 91' lang='lat' dir='ltr'>praeconio</span> <span class='ocrx_word' id='word_1_62' title='bbox 1068 896 1281 943; x_wconf 89' lang='lat' dir='ltr'>mandare</span> <span class='ocrx_word' id='word_1_63' title='bbox 1309 896 1553 960; x_wconf 89' lang='lat' dir='ltr'>jubebant,</span> <span class='ocrx_word' id='word_1_64' title='bbox 1580 913 1635 942; x_wconf 94' lang='lat' dir='ltr'>ne</span> <span class='ocrx_word' id='word_1_65' title='bbox 1671 896 1772 960; x_wconf 92' lang='lat' dir='ltr'>quis</span> 
     </span>
     <span class='ocr_line' id='line_1_10' title="bbox 136 971 990 1035; baseline 0.002 -19"><span class='ocrx_word' id='word_1_66' title='bbox 136 972 294 1035; x_wconf 88' lang='lat' dir='ltr'>jurare</span> <span class='ocrx_word' id='word_1_67' title='bbox 318 971 519 1032; x_wconf 87' lang='lat' dir='ltr'>auderet,</span> <span class='ocrx_word' id='word_1_68' title='bbox 545 972 654 1034; x_wconf 90' lang='lat' dir='ltr'>quin</span> <span class='ocrx_word' id='word_1_69' title='bbox 681 971 990 1018; x_wconf 90' lang='lat' dir='ltr'>mulctaretur.</span> 
     </span>
    </p>

    <p class='ocr_par' dir='ltr' id='par_1_3' title="bbox 141 1044 1776 2731">
     <span class='ocr_line' id='line_1_11' title="bbox 208 1044 1771 1110; baseline -0.001 -19"><span class='ocrx_word' id='word_1_70' title='bbox 208 1045 400 1102; x_wconf 89' lang='lat' dir='ltr'>Vrbem,</span> <span class='ocrx_word' id='word_1_71' title='bbox 443 1062 581 1109; x_wconf 89' lang='lat' dir='ltr'>quam</span> <span class='ocrx_word' id='word_1_72' title='bbox 622 1046 780 1093; x_wconf 90' lang='lat' dir='ltr'>dicunt</span> <span class='ocrx_word' id='word_1_73' title='bbox 821 1045 1002 1110; x_wconf 90' lang='lat' dir='ltr'>Ezijam</span> <span class='ocrx_word' id='word_1_74' title='bbox 1044 1045 1185 1108; x_wconf 88' lang='lat' dir='ltr'>(inter</span> <span class='ocrx_word' id='word_1_75' title='bbox 1225 1044 1463 1091; x_wconf 90' lang='lat' dir='ltr'>Baethicae</span> <span class='ocrx_word' id='word_1_76' title='bbox 1503 1044 1639 1091; x_wconf 89' lang='lat' dir='ltr'>vrbes</span> <span class='ocrx_word' id='word_1_77' title='bbox 1679 1061 1771 1090; x_wconf 88' lang='lat' dir='ltr'>non</span> 
     </span>
     <span class='ocr_line' id='line_1_12' title="bbox 142 1119 1772 1183; baseline 0 -18"><span class='ocrx_word' id='word_1_78' title='bbox 142 1119 445 1180; x_wconf 81' lang='lat' dir='ltr'>mediocrem)</span> <span class='ocrx_word' id='word_1_79' title='bbox 475 1119 624 1166; x_wconf 85' lang='lat' dir='ltr'>adiere</span> <span class='ocrx_word' id='word_1_80' title='bbox 648 1136 832 1183; x_wconf 92' lang='lat' dir='ltr'>quoque</span> <span class='ocrx_word' id='word_1_81' title='bbox 857 1119 965 1176; x_wconf 90' lang='lat' dir='ltr'>bini,</span> <span class='ocrx_word' id='word_1_82' title='bbox 989 1120 1083 1183; x_wconf 89' lang='lat' dir='ltr'>qui,</span> <span class='ocrx_word' id='word_1_83' title='bbox 1114 1130 1213 1164; x_wconf 89' lang='lat' dir='ltr'>tum</span> <span class='ocrx_word' id='word_1_84' title='bbox 1244 1119 1290 1165; x_wconf 88' lang='lat' dir='ltr'>in</span> <span class='ocrx_word' id='word_1_85' title='bbox 1321 1119 1394 1165; x_wconf 88' lang='lat' dir='ltr'>uia</span> <span class='ocrx_word' id='word_1_86' title='bbox 1424 1130 1525 1165; x_wconf 90' lang='lat' dir='ltr'>tum</span> <span class='ocrx_word' id='word_1_87' title='bbox 1556 1119 1693 1164; x_wconf 89' lang='lat' dir='ltr'>etiam</span> <span class='ocrx_word' id='word_1_88' title='bbox 1725 1119 1772 1165; x_wconf 89' lang='lat' dir='ltr'>in</span> 
     </span>
     <span class='ocr_line' id='line_1_13' title="bbox 141 1194 1772 1258; baseline 0.001 -19"><span class='ocrx_word' id='word_1_89' title='bbox 141 1194 339 1257; x_wconf 88' lang='lat' dir='ltr'>oppidis,</span> <span class='ocrx_word' id='word_1_90' title='bbox 365 1211 459 1257; x_wconf 91' lang='lat' dir='ltr'>quo</span> <span class='ocrx_word' id='word_1_91' title='bbox 484 1195 937 1258; x_wconf 89' lang='lat' dir='ltr'>appropinquabant,</span> <span class='ocrx_word' id='word_1_92' title='bbox 962 1195 1153 1242; x_wconf 90' lang='lat' dir='ltr'>odorem</span> <span class='ocrx_word' id='word_1_93' title='bbox 1179 1194 1324 1240; x_wconf 88' lang='lat' dir='ltr'>bonae</span> <span class='ocrx_word' id='word_1_94' title='bbox 1347 1194 1579 1241; x_wconf 90' lang='lat' dir='ltr'>doctrinae</span> <span class='ocrx_word' id='word_1_95' title='bbox 1602 1207 1648 1240; x_wconf 90' lang='lat' dir='ltr'>et</span> <span class='ocrx_word' id='word_1_96' title='bbox 1673 1211 1772 1240; x_wconf 91' lang='lat' dir='ltr'>mo-</span> 
     </span>
     <span class='ocr_line' id='line_1_14' title="bbox 143 1266 1772 1332; baseline -0.001 -18"><span class='ocrx_word' id='word_1_97' title='bbox 143 1285 246 1314; x_wconf 89' lang='lat' dir='ltr'>rum</span> <span class='ocrx_word' id='word_1_98' title='bbox 288 1268 615 1326; x_wconf 68' lang='lat' dir='ltr'>confi-erebant,</span> <span class='ocrx_word' id='word_1_99' title='bbox 653 1279 702 1314; x_wconf 91' lang='lat' dir='ltr'>vt</span> <span class='ocrx_word' id='word_1_100' title='bbox 736 1269 946 1315; x_wconf 88' lang='lat' dir='ltr'>certiores</span> <span class='ocrx_word' id='word_1_101' title='bbox 984 1266 1088 1314; x_wconf 90' lang='lat' dir='ltr'>facti</span> <span class='ocrx_word' id='word_1_102' title='bbox 1129 1285 1288 1314; x_wconf 90' lang='lat' dir='ltr'>sumus</span> <span class='ocrx_word' id='word_1_103' title='bbox 1321 1285 1377 1314; x_wconf 85' lang='lat' dir='ltr'>ex</span> <span class='ocrx_word' id='word_1_104' title='bbox 1416 1267 1655 1332; x_wconf 89' lang='lat' dir='ltr'>aliquibus,</span> <span class='ocrx_word' id='word_1_105' title='bbox 1693 1267 1772 1331; x_wconf 88' lang='lat' dir='ltr'>qui</span> 
     </span>
     <span class='ocr_line' id='line_1_15' title="bbox 144 1341 1772 1405; baseline 0 -18"><span class='ocrx_word' id='word_1_106' title='bbox 144 1342 264 1388; x_wconf 90' lang='lat' dir='ltr'>illinc</span> <span class='ocrx_word' id='word_1_107' title='bbox 290 1342 379 1388; x_wconf 91' lang='lat' dir='ltr'>huc</span> <span class='ocrx_word' id='word_1_108' title='bbox 403 1342 689 1389; x_wconf 89' lang='lat' dir='ltr'>accedebant.</span> <span class='ocrx_word' id='word_1_109' title='bbox 722 1342 772 1388; x_wconf 92' lang='lat' dir='ltr'>In</span> <span class='ocrx_word' id='word_1_110' title='bbox 807 1342 891 1388; x_wconf 91' lang='lat' dir='ltr'>viis</span> <span class='ocrx_word' id='word_1_111' title='bbox 921 1341 1345 1388; x_wconf 87' lang='lat' dir='ltr'>animaduertebant</span> <span class='ocrx_word' id='word_1_112' title='bbox 1374 1358 1470 1400; x_wconf 91' lang='lat' dir='ltr'>eos,</span> <span class='ocrx_word' id='word_1_113' title='bbox 1500 1358 1615 1405; x_wconf 91' lang='lat' dir='ltr'>quos</span> <span class='ocrx_word' id='word_1_114' title='bbox 1645 1342 1772 1388; x_wconf 91' lang='lat' dir='ltr'>vide-</span> 
     </span>
     <span class='ocr_line' id='line_1_16' title="bbox 146 1415 1774 1479; baseline -0.001 -18"><span class='ocrx_word' id='word_1_115' title='bbox 146 1416 257 1461; x_wconf 88' lang='lat' dir='ltr'>bant</span> <span class='ocrx_word' id='word_1_116' title='bbox 283 1416 439 1461; x_wconf 92' lang='lat' dir='ltr'>Deum</span> <span class='ocrx_word' id='word_1_117' title='bbox 460 1415 714 1472; x_wconf 89' lang='lat' dir='ltr'>offendere,</span> <span class='ocrx_word' id='word_1_118' title='bbox 739 1415 1096 1479; x_wconf 89' lang='lat' dir='ltr'>erudiebantque</span> <span class='ocrx_word' id='word_1_119' title='bbox 1121 1415 1165 1461; x_wconf 89' lang='lat' dir='ltr'>in</span> <span class='ocrx_word' id='word_1_120' title='bbox 1190 1415 1396 1462; x_wconf 89' lang='lat' dir='ltr'>doctrina</span> <span class='ocrx_word' id='word_1_121' title='bbox 1419 1415 1590 1462; x_wconf 90' lang='lat' dir='ltr'>Christi</span> <span class='ocrx_word' id='word_1_122' title='bbox 1615 1431 1774 1478; x_wconf 87' lang='lat' dir='ltr'>agaso-</span> 
     </span>
     <span class='ocr_line' id='line_1_17' title="bbox 147 1488 1774 1554; baseline 0.001 -20"><span class='ocrx_word' id='word_1_123' title='bbox 147 1507 237 1547; x_wconf 88' lang='lat' dir='ltr'>nes,</span> <span class='ocrx_word' id='word_1_124' title='bbox 276 1489 436 1536; x_wconf 90' lang='lat' dir='ltr'>crebro</span> <span class='ocrx_word' id='word_1_125' title='bbox 470 1489 592 1535; x_wconf 90' lang='lat' dir='ltr'>illam</span> <span class='ocrx_word' id='word_1_126' title='bbox 635 1490 870 1554; x_wconf 86' lang='lat' dir='ltr'>regionem</span> <span class='ocrx_word' id='word_1_127' title='bbox 911 1489 1293 1552; x_wconf 89' lang='lat' dir='ltr'>perambulantes,</span> <span class='ocrx_word' id='word_1_128' title='bbox 1328 1490 1422 1553; x_wconf 92' lang='lat' dir='ltr'>qui,</span> <span class='ocrx_word' id='word_1_129' title='bbox 1463 1488 1666 1535; x_wconf 88' lang='lat' dir='ltr'>defectus</span> <span class='ocrx_word' id='word_1_130' title='bbox 1706 1488 1774 1535; x_wconf 89' lang='lat' dir='ltr'>sui</span> 
     </span>
     <span class='ocr_line' id='line_1_18' title="bbox 142 1561 1774 1625; baseline -0.001 -16"><span class='ocrx_word' id='word_1_131' title='bbox 142 1563 404 1610; x_wconf 89' lang='lat' dir='ltr'>commercii</span> <span class='ocrx_word' id='word_1_132' title='bbox 431 1562 783 1620; x_wconf 87' lang='lat' dir='ltr'>manifestantes,</span> <span class='ocrx_word' id='word_1_133' title='bbox 807 1562 1093 1609; x_wconf 89' lang='lat' dir='ltr'>salutiferum</span> <span class='ocrx_word' id='word_1_134' title='bbox 1124 1563 1378 1609; x_wconf 91' lang='lat' dir='ltr'>remedium</span> <span class='ocrx_word' id='word_1_135' title='bbox 1403 1562 1691 1625; x_wconf 89' lang='lat' dir='ltr'>accipiebant.</span> <span class='ocrx_word' id='word_1_136' title='bbox 1719 1561 1774 1607; x_wconf 88' lang='lat' dir='ltr'>In</span> 
     </span>
     <span class='ocr_line' id='line_1_19' title="bbox 144 1635 1774 1700; baseline -0.002 -17"><span class='ocrx_word' id='word_1_137' title='bbox 144 1637 274 1695; x_wconf 90' lang='lat' dir='ltr'>vrbe,</span> <span class='ocrx_word' id='word_1_138' title='bbox 293 1637 422 1683; x_wconf 89' lang='lat' dir='ltr'>alacri</span> <span class='ocrx_word' id='word_1_139' title='bbox 442 1638 595 1683; x_wconf 88' lang='lat' dir='ltr'>animo</span> <span class='ocrx_word' id='word_1_140' title='bbox 614 1638 797 1700; x_wconf 86' lang='lat' dir='ltr'>recepti,</span> <span class='ocrx_word' id='word_1_141' title='bbox 816 1637 1071 1697; x_wconf 66' lang='lat' dir='ltr'>concionati</span> <span class='ocrx_word' id='word_1_142' title='bbox 1091 1648 1197 1682; x_wconf 90' lang='lat' dir='ltr'>sunt</span> <span class='ocrx_word' id='word_1_143' title='bbox 1215 1636 1260 1682; x_wconf 92' lang='lat' dir='ltr'>in</span> <span class='ocrx_word' id='word_1_144' title='bbox 1280 1637 1495 1682; x_wconf 88' lang='lat' dir='ltr'>omnibus</span> <span class='ocrx_word' id='word_1_145' title='bbox 1510 1635 1774 1699; x_wconf 88' lang='lat' dir='ltr'>parrochiis,</span> 
     </span>
     <span class='ocr_line' id='line_1_20' title="bbox 144 1709 1775 1774; baseline -0.002 -17"><span class='ocrx_word' id='word_1_146' title='bbox 144 1711 266 1774; x_wconf 84' lang='lat' dir='ltr'>apud</span> <span class='ocrx_word' id='word_1_147' title='bbox 293 1710 461 1769; x_wconf 87' lang='lat' dir='ltr'>forum,</span> <span class='ocrx_word' id='word_1_148' title='bbox 494 1711 770 1768; x_wconf 89' lang='lat' dir='ltr'>custodiam,</span> <span class='ocrx_word' id='word_1_149' title='bbox 801 1722 846 1757; x_wconf 91' lang='lat' dir='ltr'>et</span> <span class='ocrx_word' id='word_1_150' title='bbox 877 1710 1004 1768; x_wconf 88' lang='lat' dir='ltr'>alibi,</span> <span class='ocrx_word' id='word_1_151' title='bbox 1035 1726 1214 1773; x_wconf 89' lang='lat' dir='ltr'>semper</span> <span class='ocrx_word' id='word_1_152' title='bbox 1246 1709 1381 1756; x_wconf 91' lang='lat' dir='ltr'>turba</span> <span class='ocrx_word' id='word_1_153' title='bbox 1411 1709 1554 1755; x_wconf 91' lang='lat' dir='ltr'>multa</span> <span class='ocrx_word' id='word_1_154' title='bbox 1583 1723 1775 1755; x_wconf 88' lang='lat' dir='ltr'>concur-</span> 
     </span>
     <span class='ocr_line' id='line_1_21' title="bbox 146 1782 1776 1851; baseline -0.002 -20"><span class='ocrx_word' id='word_1_155' title='bbox 146 1786 277 1844; x_wconf 87' lang='lat' dir='ltr'>renti,</span> <span class='ocrx_word' id='word_1_156' title='bbox 303 1786 565 1848; x_wconf 89' lang='lat' dir='ltr'>praesertim</span> <span class='ocrx_word' id='word_1_157' title='bbox 597 1784 888 1842; x_wconf 87' lang='lat' dir='ltr'>clericorum,</span> <span class='ocrx_word' id='word_1_158' title='bbox 920 1784 1142 1829; x_wconf 87' lang='lat' dir='ltr'>nobilium</span> <span class='ocrx_word' id='word_1_159' title='bbox 1174 1794 1309 1851; x_wconf 90' lang='lat' dir='ltr'>atque</span> <span class='ocrx_word' id='word_1_160' title='bbox 1342 1782 1689 1840; x_wconf 89' lang='lat' dir='ltr'>monachorum,</span> <span class='ocrx_word' id='word_1_161' title='bbox 1724 1792 1776 1827; x_wconf 91' lang='lat' dir='ltr'>vt</span> 
     </span>
     <span class='ocr_line' id='line_1_22' title="bbox 145 1854 1773 1922; baseline -0.002 -18"><span class='ocrx_word' id='word_1_162' title='bbox 145 1875 439 1922; x_wconf 90' lang='lat' dir='ltr'>quacumque</span> <span class='ocrx_word' id='word_1_163' title='bbox 482 1859 555 1905; x_wconf 89' lang='lat' dir='ltr'>die</span> <span class='ocrx_word' id='word_1_164' title='bbox 595 1858 837 1904; x_wconf 89' lang='lat' dir='ltr'>haberetur</span> <span class='ocrx_word' id='word_1_165' title='bbox 876 1858 1056 1914; x_wconf 93' lang='lat' dir='ltr'>concio,</span> <span class='ocrx_word' id='word_1_166' title='bbox 1098 1858 1194 1903; x_wconf 89' lang='lat' dir='ltr'>siue</span> <span class='ocrx_word' id='word_1_167' title='bbox 1235 1856 1380 1903; x_wconf 89' lang='lat' dir='ltr'>faesto</span> <span class='ocrx_word' id='word_1_168' title='bbox 1419 1857 1513 1902; x_wconf 91' lang='lat' dir='ltr'>siue</span> <span class='ocrx_word' id='word_1_169' title='bbox 1553 1854 1773 1919; x_wconf 90' lang='lat' dir='ltr'>profesto,</span> 
     </span>
     <span class='ocr_line' id='line_1_23' title="bbox 146 1930 1774 1995; baseline -0.002 -17"><span class='ocrx_word' id='word_1_170' title='bbox 146 1931 457 1995; x_wconf 87' lang='lat' dir='ltr'>sequebantur</span> <span class='ocrx_word' id='word_1_171' title='bbox 481 1949 579 1987; x_wconf 78' lang='lat' dir='ltr'>eos3</span> <span class='ocrx_word' id='word_1_172' title='bbox 606 1948 803 1995; x_wconf 90' lang='lat' dir='ltr'>quorum</span> <span class='ocrx_word' id='word_1_173' title='bbox 828 1931 1036 1978; x_wconf 90' lang='lat' dir='ltr'>doctrina</span> <span class='ocrx_word' id='word_1_174' title='bbox 1058 1942 1289 1977; x_wconf 90' lang='lat' dir='ltr'>commota</span> <span class='ocrx_word' id='word_1_175' title='bbox 1321 1942 1387 1976; x_wconf 91' lang='lat' dir='ltr'>est</span> <span class='ocrx_word' id='word_1_176' title='bbox 1419 1930 1631 1976; x_wconf 88' lang='lat' dir='ltr'>vniuersa</span> <span class='ocrx_word' id='word_1_177' title='bbox 1665 1930 1774 1976; x_wconf 90' lang='lat' dir='ltr'>ciui-</span> 
     </span>
     <span class='ocr_line' id='line_1_24' title="bbox 147 2003 1773 2070; baseline -0.001 -19"><span class='ocrx_word' id='word_1_178' title='bbox 147 2017 227 2063; x_wconf 87' lang='lat' dir='ltr'>tas,</span> <span class='ocrx_word' id='word_1_179' title='bbox 253 2022 391 2070; x_wconf 91' lang='lat' dir='ltr'>quam</span> <span class='ocrx_word' id='word_1_180' title='bbox 418 2005 563 2052; x_wconf 88' lang='lat' dir='ltr'>multo</span> <span class='ocrx_word' id='word_1_181' title='bbox 588 2017 690 2051; x_wconf 90' lang='lat' dir='ltr'>ante</span> <span class='ocrx_word' id='word_1_182' title='bbox 716 2018 920 2068; x_wconf 91' lang='lat' dir='ltr'>tempore</span> <span class='ocrx_word' id='word_1_183' title='bbox 946 2004 1327 2061; x_wconf 87' lang='lat' dir='ltr'>desideraverant,</span> <span class='ocrx_word' id='word_1_184' title='bbox 1353 2004 1585 2067; x_wconf 90' lang='lat' dir='ltr'>nimioque</span> <span class='ocrx_word' id='word_1_185' title='bbox 1609 2003 1773 2049; x_wconf 88' lang='lat' dir='ltr'>affectu</span> 
     </span>
     <span class='ocr_line' id='line_1_25' title="bbox 147 2077 1774 2142; baseline -0.002 -16"><span class='ocrx_word' id='word_1_186' title='bbox 147 2080 382 2142; x_wconf 86' lang='lat' dir='ltr'>petierant.</span> <span class='ocrx_word' id='word_1_187' title='bbox 412 2079 506 2126; x_wconf 92' lang='lat' dir='ltr'>His</span> <span class='ocrx_word' id='word_1_188' title='bbox 529 2091 680 2125; x_wconf 86' lang='lat' dir='ltr'>autem</span> <span class='ocrx_word' id='word_1_189' title='bbox 706 2079 859 2125; x_wconf 89' lang='lat' dir='ltr'>addita</span> <span class='ocrx_word' id='word_1_190' title='bbox 882 2077 1008 2124; x_wconf 88' lang='lat' dir='ltr'>fuere</span> <span class='ocrx_word' id='word_1_191' title='bbox 1033 2078 1116 2123; x_wconf 87' lang='lat' dir='ltr'>alia</span> <span class='ocrx_word' id='word_1_192' title='bbox 1139 2089 1317 2124; x_wconf 91' lang='lat' dir='ltr'>nostrae</span> <span class='ocrx_word' id='word_1_193' title='bbox 1352 2078 1584 2124; x_wconf 88' lang='lat' dir='ltr'>Societatis</span> <span class='ocrx_word' id='word_1_194' title='bbox 1607 2077 1774 2123; x_wconf 86' lang='lat' dir='ltr'>exerci-</span> 
     </span>
     <span class='ocr_line' id='line_1_26' title="bbox 147 2150 1772 2210; baseline -0.002 -12"><span class='ocrx_word' id='word_1_195' title='bbox 147 2154 220 2210; x_wconf 87' lang='lat' dir='ltr'>tia,</span> <span class='ocrx_word' id='word_1_196' title='bbox 243 2164 292 2198; x_wconf 91' lang='lat' dir='ltr'>vt</span> <span class='ocrx_word' id='word_1_197' title='bbox 315 2152 595 2199; x_wconf 87' lang='lat' dir='ltr'>confesiones</span> <span class='ocrx_word' id='word_1_198' title='bbox 618 2153 791 2210; x_wconf 87' lang='lat' dir='ltr'>audire,</span> <span class='ocrx_word' id='word_1_199' title='bbox 811 2150 971 2197; x_wconf 87' lang='lat' dir='ltr'>fratres</span> <span class='ocrx_word' id='word_1_200' title='bbox 993 2151 1282 2208; x_wconf 88' lang='lat' dir='ltr'>concordare,</span> <span class='ocrx_word' id='word_1_201' title='bbox 1310 2151 1514 2197; x_wconf 89' lang='lat' dir='ltr'>infirmos</span> <span class='ocrx_word' id='word_1_202' title='bbox 1537 2151 1772 2208; x_wconf 89' lang='lat' dir='ltr'>consolari,</span> 
     </span>
     <span class='ocr_line' id='line_1_27' title="bbox 149 2224 1775 2289; baseline -0.002 -17"><span class='ocrx_word' id='word_1_203' title='bbox 149 2228 283 2272; x_wconf 90' lang='lat' dir='ltr'>ludos</span> <span class='ocrx_word' id='word_1_204' title='bbox 309 2227 526 2273; x_wconf 88' lang='lat' dir='ltr'>literarios</span> <span class='ocrx_word' id='word_1_205' title='bbox 559 2239 694 2289; x_wconf 88' lang='lat' dir='ltr'>atque</span> <span class='ocrx_word' id='word_1_206' title='bbox 718 2225 891 2271; x_wconf 87' lang='lat' dir='ltr'>scholas</span> <span class='ocrx_word' id='word_1_207' title='bbox 923 2242 1172 2287; x_wconf 85' lang='lat' dir='ltr'>puerorum</span> <span class='ocrx_word' id='word_1_208' title='bbox 1199 2225 1403 2281; x_wconf 87' lang='lat' dir='ltr'>invisere,</span> <span class='ocrx_word' id='word_1_209' title='bbox 1428 2237 1479 2270; x_wconf 88' lang='lat' dir='ltr'>vt</span> <span class='ocrx_word' id='word_1_210' title='bbox 1512 2237 1603 2279; x_wconf 79' lang='lat' dir='ltr'>tam</span> <span class='ocrx_word' id='word_1_211' title='bbox 1631 2224 1775 2286; x_wconf 89' lang='lat' dir='ltr'>magi-</span> 
     </span>
     <span class='ocr_line' id='line_1_28' title="bbox 146 2297 1775 2364; baseline -0.002 -18"><span class='ocrx_word' id='word_1_212' title='bbox 146 2301 224 2346; x_wconf 90' lang='lat' dir='ltr'>stri</span> <span class='ocrx_word' id='word_1_213' title='bbox 250 2317 388 2364; x_wconf 89' lang='lat' dir='ltr'>quam</span> <span class='ocrx_word' id='word_1_214' title='bbox 407 2300 613 2363; x_wconf 82' lang='lat' dir='ltr'>discipuli</span> <span class='ocrx_word' id='word_1_215' title='bbox 641 2300 844 2346; x_wconf 86' lang='lat' dir='ltr'>moribus</span> <span class='ocrx_word' id='word_1_216' title='bbox 868 2299 1096 2362; x_wconf 89' lang='lat' dir='ltr'>literisque</span> <span class='ocrx_word' id='word_1_217' title='bbox 1121 2297 1364 2344; x_wconf 89' lang='lat' dir='ltr'>fructuosis</span> <span class='ocrx_word' id='word_1_218' title='bbox 1389 2299 1589 2344; x_wconf 91' lang='lat' dir='ltr'>insistere</span> <span class='ocrx_word' id='word_1_219' title='bbox 1615 2314 1775 2343; x_wconf 90' lang='lat' dir='ltr'>mone-</span> 
     </span>
     <span class='ocr_line' id='line_1_29' title="bbox 148 2371 1773 2438; baseline -0.002 -19"><span class='ocrx_word' id='word_1_220' title='bbox 148 2386 319 2421; x_wconf 88' lang='lat' dir='ltr'>rentur.</span> <span class='ocrx_word' id='word_1_221' title='bbox 346 2373 508 2420; x_wconf 89' lang='lat' dir='ltr'>Doluit</span> <span class='ocrx_word' id='word_1_222' title='bbox 538 2375 867 2438; x_wconf 90' lang='lat' dir='ltr'>aliquantulum</span> <span class='ocrx_word' id='word_1_223' title='bbox 893 2372 1064 2419; x_wconf 90' lang='lat' dir='ltr'>ciuitati</span> <span class='ocrx_word' id='word_1_224' title='bbox 1089 2373 1285 2419; x_wconf 90' lang='lat' dir='ltr'>discesus</span> <span class='ocrx_word' id='word_1_225' title='bbox 1318 2372 1514 2428; x_wconf 87' lang='lat' dir='ltr'>illorum,</span> <span class='ocrx_word' id='word_1_226' title='bbox 1540 2371 1773 2434; x_wconf 89' lang='lat' dir='ltr'>quoniam,</span> 
     </span>
     <span class='ocr_line' id='line_1_30' title="bbox 149 2445 1774 2511; baseline -0.002 -18"><span class='ocrx_word' id='word_1_227' title='bbox 149 2459 198 2493; x_wconf 93' lang='lat' dir='ltr'>vt</span> <span class='ocrx_word' id='word_1_228' title='bbox 222 2447 341 2493; x_wconf 91' lang='lat' dir='ltr'>ciues</span> <span class='ocrx_word' id='word_1_229' title='bbox 366 2448 447 2510; x_wconf 92' lang='lat' dir='ltr'>ipsi</span> <span class='ocrx_word' id='word_1_230' title='bbox 473 2447 802 2511; x_wconf 87' lang='lat' dir='ltr'>significabant,</span> <span class='ocrx_word' id='word_1_231' title='bbox 826 2463 986 2493; x_wconf 89' lang='lat' dir='ltr'>eorum</span> <span class='ocrx_word' id='word_1_232' title='bbox 1012 2447 1262 2509; x_wconf 89' lang='lat' dir='ltr'>praesentia</span> <span class='ocrx_word' id='word_1_233' title='bbox 1291 2446 1335 2492; x_wconf 90' lang='lat' dir='ltr'>in</span> <span class='ocrx_word' id='word_1_234' title='bbox 1362 2446 1433 2492; x_wconf 88' lang='lat' dir='ltr'>via</span> <span class='ocrx_word' id='word_1_235' title='bbox 1467 2446 1552 2492; x_wconf 90' lang='lat' dir='ltr'>Dei</span> <span class='ocrx_word' id='word_1_236' title='bbox 1584 2445 1774 2491; x_wconf 88' lang='lat' dir='ltr'>animosi</span> 
     </span>
     <span class='ocr_line' id='line_1_31' title="bbox 148 2518 1775 2584; baseline -0.002 -18"><span class='ocrx_word' id='word_1_237' title='bbox 148 2521 470 2568; x_wconf 87' lang='lat' dir='ltr'>reddebantur.</span> <span class='ocrx_word' id='word_1_238' title='bbox 497 2521 657 2584; x_wconf 87' lang='lat' dir='ltr'>Itaque</span> <span class='ocrx_word' id='word_1_239' title='bbox 682 2521 903 2567; x_wconf 89' lang='lat' dir='ltr'>desiderio</span> <span class='ocrx_word' id='word_1_240' title='bbox 927 2519 1258 2576; x_wconf 88' lang='lat' dir='ltr'>desiderabant,</span> <span class='ocrx_word' id='word_1_241' title='bbox 1286 2531 1335 2565; x_wconf 90' lang='lat' dir='ltr'>vt</span> <span class='ocrx_word' id='word_1_242' title='bbox 1359 2519 1493 2582; x_wconf 88' lang='lat' dir='ltr'>aliqui</span> <span class='ocrx_word' id='word_1_243' title='bbox 1523 2536 1579 2564; x_wconf 84' lang='lat' dir='ltr'>ex</span> <span class='ocrx_word' id='word_1_244' title='bbox 1611 2518 1775 2564; x_wconf 88' lang='lat' dir='ltr'>nostris</span> 
     </span>
     <span class='ocr_line' id='line_1_32' title="bbox 149 2594 1774 2657; baseline -0.001 -18"><span class='ocrx_word' id='word_1_245' title='bbox 149 2594 235 2640; x_wconf 88' lang='lat' dir='ltr'>illic</span> <span class='ocrx_word' id='word_1_246' title='bbox 271 2594 544 2650; x_wconf 82' lang='lat' dir='ltr'>habitarent3</span> <span class='ocrx_word' id='word_1_247' title='bbox 583 2607 864 2657; x_wconf 89' lang='lat' dir='ltr'>quapropter</span> <span class='ocrx_word' id='word_1_248' title='bbox 896 2595 1011 2640; x_wconf 89' lang='lat' dir='ltr'>hanc</span> <span class='ocrx_word' id='word_1_249' title='bbox 1043 2595 1326 2657; x_wconf 89' lang='lat' dir='ltr'>prouinciam</span> <span class='ocrx_word' id='word_1_250' title='bbox 1360 2594 1554 2655; x_wconf 91' lang='lat' dir='ltr'>suscepit</span> <span class='ocrx_word' id='word_1_251' title='bbox 1586 2594 1774 2656; x_wconf 89' lang='lat' dir='ltr'>quidam</span> 
     </span>
     <span class='ocr_line' id='line_1_33' title="bbox 147 2668 870 2731; baseline 0.003 -18"><span class='ocrx_word' id='word_1_252' title='bbox 147 2685 204 2714; x_wconf 85' lang='lat' dir='ltr'>ex</span> <span class='ocrx_word' id='word_1_253' title='bbox 227 2668 482 2731; x_wconf 91' lang='lat' dir='ltr'>aequitibus</span> <span class='ocrx_word' id='word_1_254' title='bbox 507 2685 598 2713; x_wconf 89' lang='lat' dir='ltr'>non</span> <span class='ocrx_word' id='word_1_255' title='bbox 627 2669 870 2716; x_wconf 80' lang='lat' dir='ltr'>minorum.</span> 
     </span>
    </p>

    <p class='ocr_par' dir='ltr' id='par_1_4' title="bbox 216 2741 1777 2806">
     <span class='ocr_line' id='line_1_34' title="bbox 216 2741 1777 2806; baseline 0.001 -19"><span class='ocrx_word' id='word_1_256' title='bbox 216 2741 444 2787; x_wconf 85' lang='lat' dir='ltr'>Praelatus</span> <span class='ocrx_word' id='word_1_257' title='bbox 469 2742 652 2788; x_wconf 86' lang='lat' dir='ltr'>noster¹</span> <span class='ocrx_word' id='word_1_258' title='bbox 682 2743 806 2788; x_wconf 89' lang='lat' dir='ltr'>venit</span> <span class='ocrx_word' id='word_1_259' title='bbox 829 2742 1066 2806; x_wconf 86' lang='lat' dir='ltr'>aliquoties</span> <span class='ocrx_word' id='word_1_260' title='bbox 1092 2743 1409 2799; x_wconf 88' lang='lat' dir='ltr'>Marchenam,</span> <span class='ocrx_word' id='word_1_261' title='bbox 1431 2742 1536 2806; x_wconf 89' lang='lat' dir='ltr'>quia</span> <span class='ocrx_word' id='word_1_262' title='bbox 1559 2743 1696 2787; x_wconf 90' lang='lat' dir='ltr'>duces</span> <span class='ocrx_word' id='word_1_263' title='bbox 1721 2741 1777 2788; x_wconf 86' lang='lat' dir='ltr'>de</span> 
     </span>
    </p>
   </div>
   <div class='ocr_carea' id='block_1_3' title="bbox 151 2873 1780 3047">
    <p class='ocr_par' dir='ltr' id='par_1_5' title="bbox 151 2873 1780 3047">
     <span class='ocr_line' id='line_1_35' title="bbox 204 2873 1779 2923; baseline 0 -11"><span class='ocrx_word' id='word_1_264' title='bbox 204 2873 217 2899; x_wconf 96' lang='lat'><strong>¹</strong></span> <span class='ocrx_word' id='word_1_265' title='bbox 274 2876 451 2922; x_wconf 84' lang='lat' dir='ltr'>Intellige</span> <span class='ocrx_word' id='word_1_266' title='bbox 473 2881 537 2912; x_wconf 89' lang='lat' dir='ltr'>aut</span> <span class='ocrx_word' id='word_1_267' title='bbox 557 2877 821 2922; x_wconf 84' lang='lat' dir='ltr'>praepositum</span> <span class='ocrx_word' id='word_1_268' title='bbox 841 2877 1130 2923; x_wconf 87' lang='lat' dir='ltr'>provincialem,</span> <span class='ocrx_word' id='word_1_269' title='bbox 1150 2878 1298 2914; x_wconf 86' lang='lat' dir='ltr'>scilicet</span> <span class='ocrx_word' id='word_1_270' title='bbox 1316 2879 1354 2915; x_wconf 91' lang='lat' dir='ltr'>P.</span> <span class='ocrx_word' id='word_1_271' title='bbox 1377 2877 1712 2913; x_wconf 83' lang='lat' dir='ltr'>Bartholomaeum</span> <span class='ocrx_word' id='word_1_272' title='bbox 1733 2877 1779 2912; x_wconf 91' lang='lat' dir='ltr'>de</span> 
     </span>
     <span class='ocr_line' id='line_1_36' title="bbox 151 2937 1780 2986; baseline 0.002 -13"><span class='ocrx_word' id='word_1_273' title='bbox 151 2937 412 2981; x_wconf 87' lang='lat' dir='ltr'>Bustamante,</span> <span class='ocrx_word' id='word_1_274' title='bbox 444 2943 509 2974; x_wconf 87' lang='lat' dir='ltr'>aut</span> <span class='ocrx_word' id='word_1_275' title='bbox 541 2938 670 2985; x_wconf 90' lang='lat' dir='ltr'>potius</span> <span class='ocrx_word' id='word_1_276' title='bbox 703 2939 964 2985; x_wconf 87' lang='lat' dir='ltr'>praepositum</span> <span class='ocrx_word' id='word_1_277' title='bbox 996 2940 1133 2976; x_wconf 90' lang='lat' dir='ltr'>domus</span> <span class='ocrx_word' id='word_1_278' title='bbox 1163 2941 1404 2986; x_wconf 81' lang='lat' dir='ltr'>hispalensis,</span> <span class='ocrx_word' id='word_1_279' title='bbox 1434 2940 1472 2976; x_wconf 91' lang='lat' dir='ltr'>P.</span> <span class='ocrx_word' id='word_1_280' title='bbox 1501 2939 1780 2976; x_wconf 87' lang='lat' dir='ltr'>Gundisalvum</span> 
     </span>
     <span class='ocr_line' id='line_1_37' title="bbox 151 2999 1780 3047; baseline 0.001 -12"><span class='ocrx_word' id='word_1_281' title='bbox 151 2999 354 3036; x_wconf 88' lang='lat' dir='ltr'>Gonzalez.</span> <span class='ocrx_word' id='word_1_282' title='bbox 376 3000 589 3047; x_wconf 87' lang='lat' dir='ltr'>Utrumque</span> <span class='ocrx_word' id='word_1_283' title='bbox 607 3001 707 3036; x_wconf 90' lang='lat' dir='ltr'>enim</span> <span class='ocrx_word' id='word_1_284' title='bbox 724 3001 903 3037; x_wconf 88' lang='lat' dir='ltr'>Martiam</span> <span class='ocrx_word' id='word_1_285' title='bbox 918 3002 1059 3038; x_wconf 86' lang='lat' dir='ltr'>adiisse</span> <span class='ocrx_word' id='word_1_286' title='bbox 1076 3006 1241 3046; x_wconf 84' lang='lat' dir='ltr'>constat,</span> <span class='ocrx_word' id='word_1_287' title='bbox 1253 3007 1294 3039; x_wconf 86' lang='lat' dir='ltr'>ut</span> <span class='ocrx_word' id='word_1_288' title='bbox 1311 3002 1496 3038; x_wconf 92' lang='lat' dir='ltr'>Ludovici</span> <span class='ocrx_word' id='word_1_289' title='bbox 1517 3001 1780 3047; x_wconf 88' lang='lat' dir='ltr'>Christophori</span> 
     </span>
    </p>
   </div>
   <div class='ocr_carea' id='block_1_4' title="bbox 151 3060 1783 3170">
    <p class='ocr_par' dir='ltr' id='par_1_6' title="bbox 151 3060 1783 3170">
     <span class='ocr_line' id='line_1_38' title="bbox 151 3060 1783 3109; baseline 0.001 -12"><span class='ocrx_word' id='word_1_290' title='bbox 151 3060 277 3098; x_wconf 89' lang='lat' dir='ltr'>Ponce</span> <span class='ocrx_word' id='word_1_291' title='bbox 303 3063 350 3098; x_wconf 90' lang='lat' dir='ltr'>de</span> <span class='ocrx_word' id='word_1_292' title='bbox 379 3062 484 3098; x_wconf 90' lang='lat' dir='ltr'>Leon</span> <span class='ocrx_word' id='word_1_293' title='bbox 515 3066 551 3098; x_wconf 88' lang='lat' dir='ltr'>et</span> <span class='ocrx_word' id='word_1_294' title='bbox 580 3063 727 3099; x_wconf 88' lang='lat' dir='ltr'>Mariae</span> <span class='ocrx_word' id='word_1_295' title='bbox 758 3063 804 3099; x_wconf 92' lang='lat' dir='ltr'>de</span> <span class='ocrx_word' id='word_1_296' title='bbox 829 3063 988 3109; x_wconf 86' lang='lat' dir='ltr'>Toledo,</span> <span class='ocrx_word' id='word_1_297' title='bbox 1019 3065 1159 3100; x_wconf 88' lang='lat' dir='ltr'>ducum</span> <span class='ocrx_word' id='word_1_298' title='bbox 1189 3065 1236 3100; x_wconf 94' lang='lat' dir='ltr'>de</span> <span class='ocrx_word' id='word_1_299' title='bbox 1265 3065 1400 3108; x_wconf 86' lang='lat' dir='ltr'>Areos,</span> <span class='ocrx_word' id='word_1_300' title='bbox 1428 3063 1690 3099; x_wconf 85' lang='lat' dir='ltr'>confessiones</span> <span class='ocrx_word' id='word_1_301' title='bbox 1717 3074 1783 3099; x_wconf 87' lang='lat' dir='ltr'>ex·</span> 
     </span>
     <span class='ocr_line' id='line_1_39' title="bbox 151 3123 306 3170; baseline 0.026 -12"><span class='ocrx_word' id='word_1_302' title='bbox 151 3123 306 3170; x_wconf 86' lang='lat' dir='ltr'>ciperet.</span> 
     </span>
    </p>
   </div>
  </div>
 </body>
</html>
