2008 3510
653 268 837 296 mmmm
864 257 1066 309 JANUAmo
1097 267 1198 307 1557
1609 256 1656 295 61
1668 269 1683 295 1

119 365 311 421 Romae,
337 357 500 410 vellem
523 373 569 408 et
593 361 664 408 hic
689 361 800 408 mihi
823 360 1008 408 concedi
1027 361 1083 406 ad
1104 359 1350 405 leuandum
1375 358 1612 406 fastidium
1639 371 1738 408 stu-

114 439 322 497 diorum,
362 449 415 484 vt
445 453 759 501 quaecumque
799 436 951 483 literae
990 434 1198 481 venirent
1239 433 1295 479 ad
1337 444 1585 492 rectorem,
1629 435 1740 481 mihi

115 511 579 569 communicarentur,
609 522 655 557 et
685 511 770 556 hoc
802 510 861 556 illi
886 509 1084 573 iniungi,
1114 508 1171 555 de
1201 523 1295 571 quo
1327 507 1462 553 etiam
1488 508 1674 571 scripsi,
1699 521 1744 554 et

117 585 227 631 nihil
252 585 520 648 rescriptum
546 595 624 630 est.

184 658 421 704 Praeterea
443 658 502 704 de
525 657 861 712 concionatore,
886 656 968 702 etsi
994 666 1151 719 putem
1177 654 1285 700 alios
1317 654 1564 717 scripsisse,
1589 666 1743 702 tamen

119 743 165 780 et
188 733 282 796 ipse
306 733 454 779 dicam
478 733 603 796 quod
627 731 785 778 sentio.
820 731 988 778 Totius
1021 730 1332 776 hebdomadae
1356 729 1623 775 lectionibus
1649 741 1741 775 tam

118 805 395 870 defatigatus
424 823 548 862 sum,
579 822 683 851 cum
714 804 899 851 aduenit
928 804 1022 850 dies
1054 803 1332 859 dominicus,
1363 814 1414 848 vt
1439 819 1529 848 non
1558 803 1742 866 possim,

118 897 203 943 pro
220 897 274 926 eo
288 897 337 926 ac
354 891 604 943 oporteret,
620 892 738 925 recte
753 878 1029 935 concionari3
1049 894 1188 941 quare
1212 877 1528 923 concionatore
1552 878 1743 924 omnino

117 969 322 1017 egemus,
346 954 434 1011 vel,
459 953 493 999 si
519 953 554 999 is
579 970 669 999 non
689 952 828 1010 venit,
849 952 957 997 mihi
977 952 1063 998 hoc
1083 968 1271 997 munere
1290 949 1639 1015 defungendum
1660 962 1742 999 est.

183 1026 316 1073 Haec
345 1037 453 1073 sunt
476 1043 592 1090 quae
616 1026 660 1072 in
688 1025 1041 1089 praesentiarum
1073 1025 1182 1071 mihi
1208 1025 1254 1070 in
1279 1037 1478 1071 mentem
1505 1037 1744 1082 venerunt,

117 1100 286 1164 quibus
321 1112 366 1147 et
397 1101 483 1146 hoc
514 1100 728 1146 vltimum
760 1100 1031 1163 adiungam,
1070 1099 1223 1144 mirari
1265 1116 1347 1144 nos
1386 1116 1525 1163 quare
1562 1100 1745 1163 quadri-

118 1186 306 1221 mestres
337 1174 510 1237 collegii
535 1175 723 1228 ‚romani
749 1191 841 1220 non
875 1174 1173 1219 meruerimus
1196 1173 1419 1236 accipere,
1451 1184 1502 1219 vt
1530 1174 1747 1219 sciremus

117 1266 212 1313 quo
237 1250 280 1295 in
307 1260 427 1296 statu
457 1249 574 1313 [res]
603 1250 689 1296 illic
722 1249 994 1296 constitutae
1023 1248 1125 1294 sint.
1155 1248 1229 1293 De
1259 1247 1328 1293 his
1357 1258 1402 1293 et
1433 1248 1669 1306 omnibus,
1695 1259 1746 1293 vt

117 1324 230 1380 dixi,
257 1324 475 1370 iudicium
500 1324 722 1369 submitto
746 1324 804 1369 R.
826 1323 879 1370 P.
899 1323 977 1379 T.,
997 1334 1154 1385 petens
1177 1321 1441 1384 suppliciter
1463 1321 1747 1367 orationibus

118 1409 163 1443 et
187 1397 412 1443 sacrificiis
441 1398 604 1443 sanctis
636 1397 775 1460 ipsius
801 1398 886 1443 mei
922 1396 1191 1442 memoriam
1217 1412 1308 1441 non
1333 1396 1501 1443 omitti.
1530 1396 1745 1443 Ratisbo-

119 1487 225 1529 nae,
252 1470 415 1517 vltimo
447 1470 715 1517 Decembris
744 1482 790 1517 et
818 1471 921 1516 anni
954 1471 1087 1532 1556.
1117 1471 1175 1518 R.
1202 1471 1253 1518 P.
1281 1470 1342 1517 T.
1374 1471 1588 1534 indignus
1612 1470 1744 1527 filius,

1183 1553 1228 1613 J.
1266 1553 1550 1601 CUUILLON.

146 1709 156 1711 ⁴
182 1645 438 1707 Inscriptio:
464 1645 496 1705 -1-
521 1644 582 1690 ΑΙ
611 1644 754 1690 molto
778 1644 903 1691 Rd0.
934 1644 1080 1690 Padre
1106 1644 1214 1697 mie,
1241 1644 1313 1690 M.
1339 1643 1515 1703 Jacobo
1540 1643 1743 1706 Laynez,

117 1719 285 1765 vicario
311 1719 519 1782 generale
543 1719 659 1764 della
675 1718 965 1781 Compagnia
981 1718 1037 1763 de
1054 1718 1183 1778 Jesfl,
1204 1717 1247 1763 in
1272 1717 1437 1764 Roma.
1465 1718 1572 1764 Alia
1596 1734 1743 1765 manu:

123 1793 216 1839 R.t³
241 1793 309 1838 alli
334 1811 367 1851 4
389 1793 446 1839 de
473 1792 678 1840 Febraio.

863 1913 889 1945 1
898 1911 967 1946 25
976 1913 1000 1945 Ι

676 1997 977 2034 ALPHONSUS
1006 1998 1188 2035 ROMAN

531 2084 744 2133 PATRI
778 2084 1038 2144 JACOBO
1074 2084 1336 2132 LAINEZ

446 2187 788 2214 CAESARAUGUSTA
818 2187 1001 2214 INEUNTE
1028 2187 1223 2223 JANUARIO
1256 2189 1355 2228 1557
1384 2177 1415 2218 ¹.

118 2272 397 2319 complectitur
415 2272 562 2309 Roman
584 2278 693 2319 gesta
715 2285 736 2309 a
756 2274 885 2320 sociis,
916 2278 1078 2310 exeunte
1106 2285 1205 2311 anno
1236 2276 1402 2323 1556.—
1413 2276 1618 2313 Christiani
1640 2278 1743 2323 novi,

170 2345 238 2381 per
258 2340 652 2381 caesaraugustanam
674 2337 882 2372 dioecesim
902 2337 1114 2382 distributi,
1137 2348 1158 2373 a
1178 2339 1412 2374 nostratibus
1432 2339 1599 2375 maximo
1620 2340 1744 2376 fructu

171 2397 621 2434 excommun—Sacrae
642 2398 730 2434 fidei
752 2399 989 2444 quaesitores
1010 2399 1243 2436 Societatem
1265 2402 1392 2447 magni
1413 2401 1575 2447 faciunt,
1596 2407 1743 2438 nostro-

170 2470 327 2505 rumque
348 2469 504 2505 operam
526 2460 906 2497 adhibent.——Pater
933 2461 1150 2497 Santander
1176 2461 1345 2498 Bilbilim
1371 2464 1524 2499 lustrat:
1548 2475 1568 2499 a
1594 2464 1744 2500 civibus

169 2521 221 2556 ad
249 2522 557 2557 concionandum
588 2523 1061 2568 expetitur.—Orationes
1088 2523 1417 2570 Caesaraugustae
1443 2526 1585 2560 habent
1609 2526 1744 2562 Patres

170 2582 349 2629 Estrada,
389 2584 563 2620 Ramirez
604 2588 641 2620 et
678 2584 907 2621 Santander.
932 2606 980 2612 —
1001 2585 1141 2620 Earum
1179 2585 1336 2623 fructus.
1357 2607 1408 2613 —
1429 2586 1548 2623 Sacra
1585 2598 1744 2623 munera

170 2645 371 2681 obeuntur.

879 2697 980 2793 Jiis.

186 2822 309 2884 Muy
338 2822 461 2870 Rd0.
491 2823 636 2869 Padre
668 2835 852 2870 nuestro
883 2842 937 2870 en
971 2825 1168 2872 Christo.
1203 2827 1467 2889 Augmente
1496 2826 1535 2872 el
1566 2827 1741 2890 Spiritu

117 2905 271 2941 sancto
295 2912 370 2941 sus
394 2896 535 2942 dones
558 2914 588 2958 y
612 2898 760 2960 gracia
783 2915 838 2943 en
862 2898 900 2943 el
932 2899 1049 2944 alma
1071 2899 1128 2946 de
1153 2900 1210 2946 V.
1240 2901 1293 2947 P.
1320 2900 1491 2946 Amen.
1518 2900 1632 2945 Para
1662 2901 1746 2946 dar

117 2980 281 3014 cuenta
305 2972 330 3015 a
355 2970 412 3016 V.
442 2970 492 3016 P.
519 2971 574 3017 de
599 2971 643 3017 lo
668 2989 755 3034 que
779 2971 818 3017 el
845 2973 985 3018 Sefior
1009 2972 1076 3019 los
1100 2985 1263 3037 quatro
1290 2991 1430 3019 meses
1450 2975 1660 3036 passados
1685 2975 1746 3020 ha

172 3101 185 3126 ¹
242 3103 298 3139 EX
319 3106 555 3152 autographo
578 3106 614 3141 in
635 3107 709 3142 vol.
731 3106 773 3153 F,
793 3107 936 3153 duplici
958 3108 1062 3154 folio,
1084 3120 1122 3146 n.
1142 3119 1231 3155 304,
1253 3110 1356 3155 prius
1380 3120 1468 3156 239,
1491 3120 1578 3154 240.
