2150 3594
638 761 770 822 AD
830 759 1344 822 LECTOREM

245 1158 390 1221 Quod
429 1158 679 1205 multorum
704 1158 885 1223 jamdiu
922 1157 1224 1221 expetebatur
1255 1157 1395 1214 votis,
1432 1156 1628 1221 benigne
1660 1157 1815 1213 lector,

180 1245 231 1280 ut
256 1234 555 1296 Epistolarum
585 1236 843 1280 Mixtarum
868 1249 1034 1296 corpus
1055 1233 1110 1278 ad
1136 1232 1257 1278 edita
1279 1233 1483 1278 Clzronici
1505 1232 1653 1278 Patris
1676 1233 1817 1292 Joan-

181 1308 248 1354 nis
289 1308 515 1371 Alphonsi
557 1308 614 1354 de
649 1308 849 1354 Polanco
884 1308 1119 1354 volumina
1157 1308 1499 1371 adjungeretur,
1539 1308 1584 1353 id
1617 1308 1816 1363 tandem,

180 1393 413 1445 postremo
438 1381 525 1429 hoc
550 1382 674 1429 edito
694 1382 950 1439 volumine,
979 1383 1104 1446 quod
1131 1382 1346 1446 quintum
1368 1393 1434 1428 est
1460 1382 1647 1447 hujusce
1674 1381 1816 1439 seriei,

178 1456 417 1503 conficitur
441 1468 577 1521 atque
601 1457 874 1520 completur.
903 1457 1016 1503 Hoc
1042 1457 1164 1503 enim
1189 1457 1417 1520 epistolas,
1443 1473 1559 1521 quae
1582 1474 1638 1503 ex
1662 1456 1818 1502 diver-

177 1531 235 1578 sis
261 1532 477 1596 Europae
503 1533 609 1579 locis
638 1533 841 1580 Romam
874 1534 1033 1580 missae
1064 1550 1088 1579 a
1119 1533 1249 1580 sociis
1274 1532 1400 1579 fuere
1432 1534 1487 1580 ad
1513 1533 1649 1579 finem
1679 1550 1820 1597 usque

185 1607 328 1670 1556,
359 1607 559 1655 exhibet.
586 1607 751 1653 Visum
784 1619 938 1654 autem
964 1620 1032 1654 est
1063 1625 1154 1653 non
1187 1609 1351 1654 debere
1378 1624 1461 1653 nos
1487 1607 1543 1654 ad
1568 1608 1821 1670 posteriora

179 1693 388 1744 tempora
411 1698 674 1739 excurrere,
700 1699 805 1728 cum
834 1699 979 1746 neque
1009 1682 1209 1728 Polanco
1234 1682 1277 1728 in
1305 1699 1389 1728 suo
1418 1683 1646 1739 Chronico,
1673 1699 1819 1745 neque

179 1755 386 1802 Litterae
427 1754 784 1807 Quadrimestres
830 1757 972 1820 (quae
1014 1773 1154 1820 opera
1194 1757 1446 1802 arctissimo
1489 1756 1671 1802 vinculo
1714 1773 1817 1802 cum

180 1831 347 1877 nostris
379 1831 582 1894 epistolis
615 1831 909 1877 continentur
943 1843 1079 1895 atque
1114 1849 1258 1878 unum
1294 1831 1495 1895 quodam
1533 1831 1672 1877 modo
1706 1848 1817 1877 con-

180 1903 333 1967 flant),
360 1906 478 1951 ultra
502 1905 619 1951 illius
643 1906 746 1951 anni
772 1922 982 1951 occasum
1011 1906 1382 1969 progrediantur.
1787 1900 1792 1906 ”

202 2007 209 2008 ff
243 1979 375 2040 Jam,
404 1996 613 2042 praesens
640 1979 861 2026 volumen
888 1980 933 2025 in
958 1980 1070 2026 duas
1102 1979 1392 2042 potissimum
1427 1989 1577 2042 partes
1603 1978 1817 2041 dispesci-

180 2064 270 2112 tur,
297 2070 494 2118 quarum
528 2054 667 2101 altera
700 2054 887 2118 quidem
919 2054 1130 2117 epistolas
1161 2054 1366 2100 continet
1390 2071 1413 2099 a
1440 2071 1592 2099 mense
1624 2053 1819 2099 Octobri

187 2142 304 2191 1555
338 2129 395 2175 ad
427 2128 564 2175 finem
597 2129 741 2191 1556;
774 2129 913 2175 altera
939 2146 1071 2187 vero,
1102 2145 1240 2193 quam
1273 2128 1645 2192 supplementum
1681 2128 1821 2174 totius

178 2204 329 2267 operis
363 2203 527 2249 merito
560 2203 749 2262 dixeris,
785 2214 1086 2249 monumenta
1125 2204 1471 2267 complectitur,
1507 2203 1673 2266 partim
1709 2202 1819 2248 olim

178 2279 508 2342 praetermissa,
534 2279 702 2342 partim
731 2295 876 2341 nuper
900 2278 1099 2335 inventa,
1126 2295 1242 2343 quae
1270 2291 1422 2324 tamen
1449 2278 1505 2324 ad
1531 2278 1652 2324 idem
1680 2293 1818 2340 argu·

181 2365 389 2400 mentum
417 2365 706 2418 tempusque,
732 2370 755 2399 a
781 2353 912 2399 nobis
936 2353 1065 2398 initio
1091 2353 1363 2416 praefixum,
1390 2351 1669 2399 referuntur.
1705 2352 1818 2398 Hu-

171 2429 250 2493 jus
277 2445 386 2475 vero
411 2428 717 2492 supplementi
745 2445 878 2474 causa
908 2427 1081 2490 duplex
1106 2438 1190 2475 est.
1224 2428 1348 2474 Nam
1375 2428 1419 2473 in
1445 2438 1573 2473 tanto
1604 2427 1818 2490 epistola-

181 2520 505 2549 rum1numero
532 2503 624 2549 fieri
656 2520 747 2548 non
773 2514 953 2566 poterat
983 2503 1094 2566 quin
1122 2502 1294 2566 plures,
1326 2520 1438 2567 quas
1466 2519 1602 2565 penes
1629 2519 1710 2547 nos
1743 2502 1818 2547 ha-

183 2577 422 2634 bebamus,
457 2578 671 2640 epistolae
704 2577 748 2624 in
783 2577 954 2623 scriniis
987 2577 1317 2632 delitescerent,
1352 2577 1617 2640 praesertim
1652 2577 1686 2622 si
1722 2576 1820 2622 illae

182 2652 437 2715 scriptionis
461 2652 534 2698 die
557 2663 759 2698 carerent
776 2690 788 2708 ,
815 2669 894 2698 nec
919 2652 989 2697 cui
1017 2652 1212 2714 tempori
1238 2652 1506 2698 tribuendae
1531 2663 1679 2697 essent
1705 2667 1818 2713 pru-

183 2726 307 2773 denti
345 2726 626 2791 conjectura,
668 2725 749 2772 nisi
789 2727 974 2791 reliquis
1007 2727 1222 2773 omnibus
1255 2727 1532 2790 conspectis,
1567 2726 1821 2789 perspicere

183 2817 432 2865 possemus.
469 2801 726 2859 Praeterea,
757 2818 874 2865 quae
904 2801 1041 2847 altera
1072 2802 1378 2865 supplementi
1404 2819 1536 2848 causa
1569 2813 1656 2858 est,
1690 2802 1822 2847 novis

184 2875 510 2922 accessionibus
544 2876 627 2922 viri
661 2875 812 2939 plures
841 2877 977 2922 etiam
1012 2889 1271 2924 nostrarum
1304 2878 1597 2941 epistolarum
1632 2877 1821 2922 thesau—

185 2967 290 2996 rum
315 2949 662 3012 locupletavere.
698 2950 886 2997 Etenim
919 2951 1005 2997 hoc
1030 2953 1273 2998 usuvenire
1303 2952 1491 3010 scimUS‚
1524 2963 1575 2996 ut
1598 2950 1823 3014 evulgatis

186 3024 242 3070 ab
267 3023 419 3088 aliquo
452 3023 630 3082 litteris,
661 3025 958 3072 recordentur
990 3026 1217 3083 homines,
1253 3027 1328 3090 qui
1355 3026 1535 3072 easdem
1562 3025 1750 3088 legunt,
1777 3041 1822 3069 se

188 3098 323 3145 etiam
359 3098 405 3144 in
440 3097 672 3145 tabulariis
708 3099 799 3145 suis
834 3100 1030 3162 reposita
1062 3100 1227 3147 habere
1262 3110 1582 3157 monumenta,
1615 3116 1730 3163 quae
1766 3099 1822 3144 de

190 3189 243 3220 ea
276 3183 355 3220 aut
395 3171 528 3220 simili
570 3189 617 3220 re
658 3185 806 3237 agant.
851 3175 995 3237 Quod
1033 3192 1140 3222 cum
1177 3176 1219 3222 in
1261 3193 1307 3222 re
1345 3187 1499 3222 nostra
1539 3174 1820 3238 contigisset,
