2008 3510
770 249 815 288 31
848 235 1038 289 JANUARn
1071 247 1172 289 1550
1652 236 1726 287 691

159 353 312 390 autem
338 358 475 388 naues
499 341 777 405 intercipere,
802 342 969 407 quibus
1010 342 1119 389 haec
1162 340 1469 405 Portugalliae
1511 340 1607 388 loca
1647 340 1785 388 rebus

115 423 119 426 ’
161 416 414 463 necessariis
437 415 757 479 prouidentur.

226 489 359 537 Haec
391 490 542 554 scripsi
576 489 782 554 pluribus
814 490 977 549 verbis,
1002 490 1129 554 quod
1162 490 1392 547 recordor,
1417 491 1529 537 dum
1554 491 1677 554 apud
1703 507 1785 538 vos

158 581 298 621 eram,
318 581 390 611 me
413 581 469 610 ex
493 563 617 610 nulla
641 563 732 610 fere
758 564 840 610 alia
864 582 926 623 re,
951 581 1066 628 quae
1091 564 1147 611 ad
1172 581 1338 628 corpus
1361 564 1622 628 pertineret,
1643 565 1783 611 maio-

158 655 255 685 rem
272 638 468 702 coepisse
488 637 791 702 voluptatem,
810 654 948 703 quam
967 655 1073 685 cum
1093 638 1262 684 litteras
1280 638 1497 695 viderem,
1517 655 1632 702 quae
1651 656 1676 685 a
1696 639 1784 686 Pa-

158 712 305 759 tribus
331 711 637 777 fratribusque
661 712 922 760 absentibus
947 729 1139 776 corpore
1166 713 1317 775 (nam,
1342 712 1469 776 quod
1494 713 1552 759 ad
1578 713 1784 760 animum

158 788 368 851 pertinet,
411 804 570 834 omnes
607 804 752 834 unum
783 799 828 834 et
860 787 984 834 idem
1016 788 1197 849 sumus)
1244 786 1557 835 mittebantur.
1592 787 1698 851 Ego
1727 787 1785 834 de

157 861 335 925 magnis
359 861 598 919 beneficiis,
622 879 739 926 quae
762 862 994 908 Dominus
1021 873 1173 909 noster
1196 862 1243 909 in
1271 879 1343 908 me
1366 861 1575 919 contulit,
1604 862 1784 910 abunde

157 935 215 981 ad
233 952 316 981 vos
339 935 592 999 perscripsi;
617 936 709 982 scio
733 936 855 982 enirn
879 953 962 982 vos
987 952 1078 982 non
1103 936 1312 999 ignorare
1337 936 1492 983 omnia
1517 935 1573 982 ab
1600 953 1655 983 eo
1679 953 1782 1000 pro-

155 1009 329 1069 cedere,
354 1010 431 1074 qui
456 1010 576 1056 dicit:
603 1010 706 1056 Sine
731 1027 803 1056 me
829 1009 937 1056 nihii
964 1010 1151 1074 potestis
1170 1008 1318 1056 facere
1338 1009 1366 1057 ¹.
1394 1010 1524 1072 Quid
1548 1010 1669 1057 enim
1695 1027 1784 1074 ego

156 1082 278 1130 aliud
309 1100 432 1141 sum,
458 1100 596 1148 quam
629 1101 842 1130 mancum
873 1095 918 1130 et
950 1082 1271 1147 imperfectum
1301 1100 1406 1130 suae
1435 1084 1616 1131 diuinae
1648 1085 1783 1131 maie-

156 1159 283 1205 statis
302 1159 676 1206 instrumentum?
704 1158 772 1205 Illi
795 1158 947 1222 itaque
968 1158 1013 1205 in
1038 1158 1239 1205 seculum
1264 1157 1490 1205 debentur
1514 1158 1681 1216 laudes,
1703 1159 1783 1223 qui

158 1249 232 1279 me
256 1233 382 1280 omni
402 1250 458 1280 ex
475 1244 604 1297 parte
620 1233 987 1297 indignissimum
1007 1233 1064 1280 ad
1087 1244 1261 1280 tantam
1280 1232 1466 1297 elegerit
1485 1233 1781 1297 prouinciam.

159 1306 233 1353 Ex
257 1307 344 1354 hoc
368 1324 512 1372 regno
537 1308 742 1365 Tituani,
763 1324 827 1354 xv
852 1307 942 1355 kal.
959 1308 1237 1371 Septembris
1256 1307 1272 1332 ²
1302 1322 1436 1371 1549.
1457 1308 1617 1357 Frater
1635 1324 1785 1358 vester

158 1382 202 1429 in
228 1383 452 1442 Domino,

1111 1449 1342 1510 JoANNEs
1379 1450 1619 1499 NUNNEZ.

903 1589 1044 1624 1288

646 1675 983 1714 GULIELMUS
1028 1676 1104 1713 DU
1146 1677 1298 1714 PRAT

686 1766 882 1792 EPISCOPUS
908 1766 1118 1792 CLAROMON
1123 1767 1199 1792 TAN
1204 1766 1248 1792 US

474 1847 682 1895 PATRI
718 1848 739 1895 Ι
744 1848 1014 1896 GNATIO
1052 1849 1148 1896 DE
1183 1848 1465 1896 LOYOLA

501 1953 680 1981 LUTETIA
707 1954 952 1981 PARISIORUM
981 1954 1028 1993 31
1059 1953 1243 1990 JANUARn
1275 1954 1377 1995 1550
1403 1941 1434 1984 3.

157 2046 297 2094 Ignatii
316 2047 454 2085 litteris
474 2049 762 2087 rescribit.—Ei
782 2050 996 2097 gratulatur
1016 2050 1063 2087 de
1085 2061 1124 2087 re
1148 2032 1369 2099 christiana,
1387 2062 1408 2088 a
1427 2051 1511 2088 Deo
1526 2062 1595 2098 per
1614 2051 1783 2089 Societa-

210 2109 260 2146 tis
279 2109 454 2148 homines
474 2111 590 2159 longe
610 2112 763 2159 lateque
784 2113 1030 2160 amplificata.

221 2215 344 2262 Cum
369 2226 471 2263 ante
495 2217 615 2264 diem
642 2217 833 2264 natalicii
861 2218 976 2281 Xpi.
1002 2234 1180 2264 sacrum
1215 2235 1272 2264 ex
1302 2218 1384 2265 hac
1417 2217 1528 2265 vrbe
1553 2218 1598 2264 in
1631 2218 1781 2265 aulam

155 2287 326 2352 regiam
366 2289 427 2335 ob
475 2291 657 2355 negotia
701 2292 925 2356 quaedam
970 2308 1094 2337 meae
1139 2291 1327 2338 diocesis
1368 2292 1452 2338 iter
1498 2308 1779 2355 appararem,

154 2373 289 2426 atque
312 2363 400 2410 iam
424 2380 565 2411 essem
591 2366 636 2412 in
661 2366 913 2429 procinctu,
939 2364 1086 2411 literas
1109 2365 1168 2412 T.
1195 2365 1245 2413 P.
1270 2367 1347 2423 R.,
1373 2366 1499 2412 omni
1520 2377 1780 2412 mansuetu-

153 2434 269 2483 dinis
292 2449 337 2483 et
360 2437 537 2501 pietatis
560 2439 709 2486 officio
732 2438 933 2496 refertas,
964 2438 1075 2484 mihi
1102 2439 1254 2486 attulit
1288 2440 1360 2486 M.
1395 2439 1597 2502 Baptista
1624 2438 1651 2496 ⁴,
1678 2440 1779 2504 qui-

155 2509 239 2556 bus
263 2527 374 2557 mox
398 2513 670 2576 respondere
692 2530 796 2560 cum
823 2530 915 2559 non
939 2524 1168 2575 pateretur
1183 2514 1280 2560 viae
1300 2514 1556 2560 acceleratio
1575 2525 1619 2560 et
1637 2530 1778 2577 nego·

153 2585 323 2632 tiorum
347 2586 432 2632 sub
455 2587 649 2634 discessu
674 2604 788 2651 pene
812 2587 1107 2633 obruentium
1132 2587 1394 2644 multitudo,
1415 2587 1570 2651 rogaui
1598 2587 1671 2635 M.
1692 2587 1777 2633 Ba-

208 2730 221 2755 ¹
275 2732 392 2770 JOAN.
415 2741 487 2780 xv,
510 2742 544 2781 5.

206 2793 223 2819 2
278 2796 356 2843 Sic;
372 2807 505 2833 verum
525 2792 672 2833 tum‘ex
691 2796 940 2843 inscriptione
962 2795 1147 2843 epistolae
1166 2796 1294 2843 affixa,
1311 2800 1391 2833 turn
1412 2806 1458 2832 ex
1478 2796 1566 2832 aliis
1586 2797 1775 2843 exempla-

153 2859 258 2896 ribus
277 2864 383 2907 patet
401 2857 496 2899 XV
508 2857 592 2898 kal.
614 2857 879 2907 Novembris,
901 2870 985 2896 esse
1011 2860 1233 2907 legendum,
1254 2871 1334 2907 seu,
1355 2864 1395 2895 ut
1417 2859 1481 2895 alii
1505 2859 1702 2906 scripsere,
1727 2860 1774 2896 18

154 2921 345 2959 Octobris.

205 2982 221 3008 ³
275 2983 334 3022 Ex
352 2985 532 3033 originali
551 2986 590 3023 in
605 2986 682 3024 vol.
699 2983 834 3038 Epist.
854 2983 1157 3036 episcoporum,
1173 2986 1288 3023 unico
1304 2985 1408 3032 folio,
1425 2995 1461 3022 n.
1478 2994 1542 3032 94,
1561 2984 1668 3031 prius
1687 2994 1772 3032 174,

154 3047 363 3095 antiquitus
382 3057 447 3097 95.

207 3107 222 3132 ⁴
275 3110 446 3147 Joannes
467 3111 547 3148 Bta.
570 3111 695 3148 Viola.
