2014 3528
268 276 344 327 284
732 272 971 315 Emsr‘otass
1000 277 1244 317 ΜιΧτΑΕ-Ι
1257 289 1329 318 122

215 383 325 428 vrbe
351 382 602 429 biliomensi
630 399 652 428 a
677 384 889 446 paschate
913 383 1227 443 concionatus,
1253 385 1537 432 auditoribus
1563 402 1655 432 non
1681 403 1844 449 parum·

213 458 394 520 placuit.
418 457 521 521 Ego
546 475 655 504 vero
673 458 845 504 octauis
865 459 1054 521 paschae
1074 459 1117 505 in
1139 459 1264 517 vrbe,
1283 460 1427 506 Curta
1448 460 1583 506 Petra
1608 460 1846 523 appellata,

214 533 366 595 lingua
401 550 509 578 vero
543 532 784 579 vernacula
817 533 1081 596 Cortpierre
1106 533 1139 591 ¹3
1174 534 1424 598 itidemque
1457 535 1699 598 postridie,
1729 552 1846 581 con-

212 608 339 652 cione
365 606 544 653 funebri
572 607 739 654 ibidem
768 607 933 665 habita,
959 608 1019 653 ita
1040 608 1209 654 ciuium
1233 608 1408 654 animos
1435 610 1543 655 mihi
1570 610 1771 666 deuinxi,
1798 620 1850 655 vt

212 680 255 726 in
285 681 547 744 proximum
576 682 826 728 aduentum
863 699 933 727 me
964 682 1280 730 desiderarint:
1319 700 1477 728 verum
1505 683 1639 740 fides,
1662 683 1848 730 issiodo-

213 754 418 800 rensibus
444 755 500 801 ab
525 756 737 819 episcopo
763 757 880 813 data,
909 756 1067 802 violari
1095 773 1186 802 non
1218 757 1381 819 potuit.
1412 757 1653 803 Montanis
1677 757 1849 816 incolis,

211 829 495 886 ambertinis,
543 829 867 887 arlacensibus,
916 829 1189 876 blelensibus
1240 830 1516 894 caeterisque
1563 842 1668 894 post
1716 829 1849 877 ferias

213 903 272 948 D.
293 903 519 963 Johannis
539 903 782 966 Baptistae,
804 903 1013 967 precibus
1038 922 1195 950 eorum
1219 905 1390 951 victum
1412 923 1498 962 me,
1520 916 1655 969 atque
1674 905 1846 968 episco-
1868 936 1870 938 -

211 978 255 1041 pi
284 979 529 1042 imperium
563 996 764 1035 cernens,
791 979 928 1025 fidem
961 980 1230 1042 promissam
1258 979 1510 1043 praestabo,
1548 981 1684 1027 Certe
1708 995 1850 1043 cogor

211 1069 442 1099 assensum
473 1070 635 1117 negare
656 1055 909 1100 multorum
934 1055 1156 1118 precibus,
1178 1067 1229 1100 vt
1246 1055 1400 1116 paucis
1419 1054 1579 1100 faciam
1605 1055 1720 1100 satis.
1745 1054 1850 1100 Deo

214 1129 464 1191 gratiarum
497 1129 632 1186 actio,
675 1129 905 1174 bonorum
939 1130 1148 1175 omnium
1190 1130 1384 1187 auctori,
1415 1130 1517 1193 jure
1560 1128 1850 1175 meritissimo

215 1201 466 1261 referenda,
487 1203 565 1266 qui
591 1220 678 1260 me,
706 1203 913 1250 inutilem
936 1218 1080 1250 terrae
1107 1205 1425 1262 vermiculum,
1446 1216 1490 1250 et
1509 1204 1662 1250 animo
1685 1215 1730 1250 et
1752 1219 1851 1250 cor-

214 1293 325 1340 pore
350 1294 572 1341 perquam
606 1279 848 1341 exiguum,
881 1279 937 1324 ad
972 1279 1083 1324 tanti
1121 1279 1321 1325 muneris
1354 1279 1625 1343 dignitatern
1658 1278 1851 1324 euehere

213 1352 411 1415 gratuita
438 1352 673 1398 vocatione
706 1353 920 1416 dignatus
951 1365 1030 1399 est.
1066 1353 1280 1399 Pluribus
1311 1353 1498 1418 quidem
1531 1353 1575 1398 in
1607 1351 1715 1398 locis
1745 1369 1853 1398 con-

213 1428 459 1484 cionando,
505 1428 624 1474 votis
664 1428 916 1490 petentium
959 1428 1266 1492 suffragarer3
1303 1434 1382 1475 sed
1414 1428 1639 1475 biliomaei
1675 1444 1852 1473 moram

215 1502 396 1548 salutari
423 1502 565 1548 diuini
592 1502 718 1548 verbi
744 1503 813 1549 siti
842 1515 1019 1566 vrgent,
1046 1504 1146 1567 qui,
1172 1514 1223 1549 vt
1249 1503 1371 1549 verbi
1399 1502 1643 1566 euangelici
1670 1493 1853 1564 energia

217 1576 407 1640 regeniti
433 1590 553 1633 sunt,
581 1576 641 1623 ita
667 1576 776 1622 lacte
801 1577 878 1622 illo
902 1577 1089 1640 spiritali
1108 1577 1270 1634 alendi,
1287 1578 1432 1624 donec
1452 1577 1496 1622 in
1524 1574 1852 1639 perfectionem

217 1651 372 1696 aetatis
397 1650 694 1714 plenitudinis
719 1651 887 1699 Christi
914 1646 1199 1698 adoleuerint
1218 1651 1248 1700 2.
1277 1652 1465 1709 Passim,
1486 1651 1656 1698 Christi
1683 1650 1853 1698 benefi—

215 1726 300 1782 cio,
326 1725 635 1772 restitutiones
659 1725 781 1772 haud
807 1725 917 1772 leuis
944 1727 1161 1789 ponderis
1186 1726 1317 1783 fiunt,
1339 1724 1427 1790 pax
1446 1727 1563 1772 inter
1586 1725 1854 1772 dissidentes

215 1799 530 1862 componitur,
557 1799 776 1846 adulteria
802 1810 847 1845 et
870 1800 1200 1846 concubinatus
1225 1801 1397 1864 aliquot
1416 1799 1619 1846 diuortio
1644 1799 1854 1862 disrupta

217 1884 343 1929 sunt3
375 1873 584 1938 jurandi,
627 1873 968 1936 blasphemandi
995 1875 1311 1939 jurgandique
1345 1890 1444 1920 mos
1485 1872 1854 1936 corruptissimus

216 1947 383 2010 passim
409 1948 581 1997 exulat..
606 1947 747 1993 Noua
773 1964 924 1994 rerum
945 1948 1153 1994 omnium
1183 1947 1566 2010 metamorphosis
1598 1947 1729 1993 nobis
1753 1963 1854 2009 spe-

217 2033 357 2079 ratur,
385 2022 459 2068 vbi
487 2021 720 2068 Societatis
745 2023 890 2068 iustus
915 2039 1132 2068 numerus
1158 2023 1402 2070 accesserit.
1435 2021 1568 2078 Vale,
1599 2021 1854 2084 praeposite

178 2128 185 2137 J
217 2097 651 2155 obseruandissime3
686 2097 886 2143 filiorum
921 2109 1111 2143 tuorum
1143 2096 1187 2142 in
1221 2096 1444 2143 sacrificiis
1477 2095 1853 2158 orationibusque

219 2189 412 2229 memor,
448 2188 622 2236 nosque
663 2171 855 2218 Patrum
898 2189 946 2218 ac
989 2171 1185 2217 fratrum
1228 2171 1324 2217 istic
1362 2170 1596 2234 agentium
1640 2168 1855 2232 precibus

219 2247 543 2293 commendare
574 2247 797 2310 digneris,
833 2259 882 2292 vt
922 2259 1106 2309 gratum
1138 2262 1321 2292 summo
1365 2245 1539 2291 numini
1576 2256 1856 2308 praestemus

218 2319 504 2368 sacrificium.
531 2320 769 2383 Vigesimo
795 2321 947 2384 primo
972 2320 1145 2383 Aprilis
1177 2320 1313 2382 1556.
1334 2319 1513 2365 Biliomi
1536 2319 1580 2364 in
1608 2317 1852 2364 Aruernia.

219 2394 363 2440 Rdae.
394 2394 445 2441 P.
474 2406 577 2440 tuae
603 2394 821 2440 minimus
847 2395 890 2440 in
916 2394 1101 2440 Christo
1121 2393 1251 2440 filius.
1274 2393 1477 2457 Imperio
1498 2393 1547 2440 P.
1569 2391 1852 2455 Hieronymi

221 2467 376 2532 Bassji,

1006 2533 1269 2579 RoBERTus
1303 2531 1658 2578 CLAYssoN1us.

287 2642 546 2704 Inscriptio:
575 2640 696 2688 Rdo.
732 2641 776 2686 in
803 2641 991 2688 Christo
1025 2641 1170 2698 Patri,
1205 2641 1329 2687 Dno.
1365 2640 1545 2704 Ignatio
1569 2627 1852 2701 de'Loyola,

221 2715 481 2779 praeposito
507 2716 702 2779 generali
730 2716 961 2762 Societatis
984 2716 1111 2777 Jesu,
1139 2716 1332 2763 Romae.
1359 2717 1468 2762 Alia
1492 2731 1640 2762 manu:
1671 2715 1767 2761 R.t2
1800 2728 1854 2760 12

220 2789 347 2850 Jum.

276 2959 287 2985 ¹
346 2962 452 3009 Quae
482 2963 568 2999 heic
600 2963 856 3009 attinguntur,
888 2964 1078 3010 explicata
1110 2964 1282 3000 invenies
1311 2963 1350 2999 in
1380 2960 1479 3001 Lita
1518 2959 1706 3011 Quadr.‚
1738 2966 1764 2999 t.
1796 2969 1855 3007 1v,

223 3036 310 3071 pag.
332 3026 525 3072 338-344,
548 3027 596 3061 ad
623 3036 735 3072 quem
762 3027 908 3072 locum,
930 3037 976 3063 ne
1004 3036 1118 3074 saepe
1146 3027 1280 3064 eadem
1309 3030 1544 3073 repetamus,
1566 3026 1750 3062 lectorem
1772 3023 1856 3062 mit-

226 3088 353 3125 timus,

277 3147 293 3172 2
347 3149 412 3187 An
434 3148 594 3196 EPHES„
616 3158 673 3196 1v,
698 3160 755 3199 13,
