2066 3516
743 302 791 342 19
820 291 1053 331 FEBRUARH
1087 293 1187 343 1556
1651 302 1724 330 201

144 396 374 460 principio
397 397 460 443 sia
484 395 651 454 debile,
675 413 700 443 a
724 396 886 445 iuditio
910 398 955 446 di
981 399 1086 445 tutti
1114 398 1148 444 si
1175 414 1305 461 spera
1328 397 1374 445 di
1400 409 1531 461 poter
1558 414 1778 461 augmen-

144 485 239 518 tare
279 470 736 518 conuenientemente
769 472 795 519 li
838 473 1049 521 rendditi.
1087 473 1155 520 La
1186 472 1275 519 cita
1310 473 1366 518 ha
1398 472 1702 519 determinata
1733 484 1779 519 et

142 546 353 593 conclusa
378 562 458 609 per
482 545 671 592 consilio
695 547 739 593 di
766 548 874 594 dare
898 558 966 594 tre
992 547 1146 611 miglia
1175 547 1288 593 scuti
1315 545 1384 593 fra
1409 547 1511 592 anni
1539 535 1628 604 tre,
1654 563 1780 593 com-

144 621 407 668 menzando
438 620 525 666 allo
556 621 707 683 primo
740 621 784 668 di
821 621 1024 670 Ottobre
1062 621 1286 685 prossimo
1318 619 1499 679 futuro,
1537 621 1635 667 cioe
1669 621 1780 684 ogni

144 696 294 760 primo
319 696 366 742 di
393 695 594 742 Ottobre
619 696 740 742 mille
770 697 904 754 scuti,
931 714 1011 760 per
1036 709 1103 743 tre
1136 696 1241 742 anni
1267 696 1311 742 di
1338 696 1579 754 continuo,
1605 708 1650 742 et
1673 713 1779 742 cum

143 770 280 835 quelli
306 781 528 817 accattare
552 770 714 817 renditi
750 788 831 834 per
862 771 906 817 lo
935 771 1149 833 collegio;
1180 782 1226 817 et
1256 771 1442 834 quando
1477 771 1693 816 mancassi
1732 770 1779 817 di

143 847 252 892 dare
276 846 303 892 li
329 845 432 892 ditti
458 856 526 891 tre
551 845 690 891 millia
714 846 829 892 scuti
855 845 942 892 allo
974 846 1092 892 ditto
1118 857 1275 908 tempo
1300 862 1434 908 sopra
1465 843 1510 890 lo
1535 861 1619 891 suo
1645 845 1781 908 patri-

146 920 304 966 monio
328 930 373 966 et
396 919 591 983 gabelle‚
623 920 682 966 ha
713 920 758 966 di
791 920 1066 982 respondere
1098 919 1185 965 allo
1217 919 1412 982 collegio
1438 936 1462 964 a
1493 919 1712 982 raggione
1737 920 1781 966 di

144 1007 256 1041 sette
282 1011 362 1058 per
386 1007 535 1052 cento,
560 1011 691 1040 come
716 994 881 1040 vedera
908 995 945 1039 la
975 995 1031 1041 R.
1059 994 1111 1042 P.
1135 994 1193 1040 V.
1222 1010 1302 1057 per
1321 994 1360 1039 la
1378 993 1507 1057 copia
1527 994 1646 1040 dello
1666 994 1784 1040 ditto

143 1069 350 1126 consilio,
378 1068 421 1114 lo
447 1068 592 1132 quale,
626 1068 765 1132 dopoi
796 1069 879 1115 che
903 1070 1002 1115 sara
1034 1068 1307 1115 confirmato
1332 1068 1449 1115 della
1479 1068 1634 1132 reggia
1660 1081 1785 1115 corte

143 1145 189 1192 di
215 1156 378 1209 questo
410 1157 574 1208 regno,
606 1160 740 1207 spero
771 1143 817 1190 di
852 1143 1089 1190 mandarlo
1112 1143 1141 1190 ’·.

210 1219 248 1265 Il
293 1220 436 1266 Rmo.
475 1235 672 1265 vescouo
705 1217 722 1243 2
756 1231 959 1265 monstra
1001 1219 1145 1264 molto
1186 1218 1388 1282 singular
1430 1217 1666 1265 affettione
1703 1217 1787 1264 alla

146 1294 437 1358 Compagnia
454 1305 499 1340 et
515 1293 727 1357 collegio,
743 1305 789 1340 et
806 1294 923 1340 oltra
942 1294 1095 1358 quello
1115 1293 1197 1340 che
1217 1293 1251 1339 si
1274 1294 1331 1340 ha
1349 1293 1601 1357 adoperato
1623 1293 1785 1351 molt0,

145 1369 355 1415 accioche
399 1368 432 1414 si
464 1367 722 1415 effettuasse
754 1368 783 1415 il
818 1368 1006 1415 consilio
1040 1367 1156 1415 della
1191 1368 1279 1415 cita
1304 1385 1385 1432 per
1416 1368 1524 1415 dare
1560 1368 1787 1431 principio

145 1442 265 1489 dello
296 1441 509 1506 collegi0‚
541 1442 599 1488 ha
632 1441 800 1489 offerto
832 1459 921 1489 vna
955 1443 1132 1489 actione
1170 1442 1242 1506 (la
1272 1442 1404 1506 quale
1439 1442 1658 1506 pretende
1681 1459 1787 1489 cum

146 1515 188 1562 la
210 1516 322 1579 cita)
351 1516 438 1562 allo
461 1516 676 1580 collegio,
706 1518 744 1562 ia
768 1516 900 1581 quale
926 1517 1132 1580 potendo
1157 1516 1320 1574 hauer,
1344 1516 1376 1563 si
1406 1516 1652 1563 haueriano
1677 1517 1787 1581 ogni

146 1607 267 1637 anno
287 1590 475 1638 ducenti
493 1590 629 1648 scuti;
646 1600 691 1636 et
709 1590 755 1637 in
779 1607 883 1637 caso
902 1590 985 1637 che
1005 1607 1114 1649 non,
1133 1591 1244 1637 dara
1263 1590 1372 1654 ogni
1393 1607 1514 1636 anno
1537 1590 1689 1637 ducati
1709 1605 1786 1651 30.

120 1665 304 1713 .Tanto
342 1677 410 1712 sta
450 1664 737 1712 affettionato
770 1676 816 1711 et
849 1676 977 1712 tanto
1009 1665 1183 1712 credito
1214 1665 1331 1711 haue
1365 1665 1449 1711 alla
1482 1665 1787 1729 Compagnia,

147 1740 231 1787 che
262 1741 320 1787 ha
350 1739 654 1788 determinato
677 1739 724 1787 di
756 1757 849 1787 non
875 1739 987 1787 dare
1022 1739 1173 1786 officio
1207 1739 1252 1786 ni
1285 1738 1528 1798 beneficio,
1563 1739 1620 1786 ne
1650 1739 1789 1786 etiam

147 1833 441 1880 promouere,
468 1815 511 1862 ni
536 1815 674 1862 lassar
699 1832 973 1879 promouere
992 1832 1189 1862 nessuno
1207 1814 1279 1861 alli
1304 1815 1469 1872 ordini,
1489 1815 1525 1861 si
1546 1831 1638 1861 non
1655 1826 1788 1862 stano

150 1890 389 1954 approbati
415 1890 461 1937 di
486 1890 623 1955 quellj
645 1889 764 1938 della
785 1890 1097 1954 Compagnia3
1117 1901 1162 1937 et
1185 1889 1319 1936 simili
1339 1889 1563 1936 occasioni
1588 1889 1623 1936 si
1648 1889 1788 1936 haue-

150 1982 314 2023 ranno,
346 1966 500 2014 donde
533 1983 666 2030 spero
704 1967 884 2013 nascera
920 1966 1093 2030 grande
1135 1965 1322 2012 seruitio
1353 1965 1398 2011 di
1434 1964 1528 2010 Dio
1559 1975 1605 2011 et
1646 1964 1790 2011 molta

152 2041 299 2088 vtilita
340 2041 443 2088 nell’
478 2042 641 2089 anime.
688 2041 912 2088 Desidera
950 2041 1095 2087 molto
1135 2040 1218 2087 che
1253 2051 1422 2104 presto,
1452 2039 1590 2086 etiam
1630 2052 1790 2104 questa

150 2116 527 2181 quadragiesima,
555 2117 739 2162 hauesse
766 2115 807 2162 la
825 2115 933 2162 duoi
961 2114 1204 2172 sacerdoti,
1230 2114 1257 2160 il
1282 2115 1366 2161 che
1390 2113 1419 2160 il
1445 2113 1495 2160 P.
1518 2113 1791 2177 prouintiale

149 2191 208 2237 ha
239 2191 543 2238 determinato
573 2191 619 2237 di
645 2190 928 2253 compiacere
952 2190 1035 2236 alla
1058 2188 1149 2236 83ῑὲι
1178 2206 1258 2236 sua
1294 2189 1408 2236 ΚΜ
1431 2199 1476 2235 et
1503 2188 1742 2235 mandarni
1766 2205 1791 2234 a

152 2266 341 2312 Catania
366 2283 390 2312 a
416 2283 503 2322 me,
534 2282 641 2312 cum
672 2282 765 2311 vno
799 2265 913 2311 altro
943 2265 1176 2311 sacerdote
1200 2277 1245 2310 et
1275 2263 1384 2310 duoi
1410 2263 1509 2310 altri
1541 2263 1789 2327 compagni

152 2357 245 2387 non
286 2340 522 2388 sacerdoti.
564 2340 716 2403 Prego
748 2339 788 2385 la
820 2340 879 2387 R.
912 2339 966 2387 P.
1005 2338 1065 2386 V.
1104 2338 1164 2384 mi
1206 2339 1268 2384 sia
1303 2338 1531 2384 aduocato
1571 2354 1788 2402 appresso

150 2414 299 2471 Iddio,
325 2414 531 2460 accioche
549 2414 575 2460 li
603 2414 688 2460 mei
710 2413 878 2477 peccati
908 2430 998 2459 non
1024 2411 1331 2476 impediscano
1356 2412 1383 2459 il
1411 2412 1584 2476 grande
1603 2412 1788 2459 seruitio

152 2489 197 2535 di
224 2489 334 2548 Dio,
359 2488 403 2535 lo
427 2489 547 2552 quali
573 2489 606 2535 si
631 2505 762 2552 spera
785 2489 830 2535 in
856 2488 1004 2552 quella
1028 2487 1206 2534 diocesi.

220 2563 309 2609 Per
334 2563 431 2609 loco
455 2562 574 2609 dello
597 2563 804 2627 collegio,
829 2563 864 2609 si
885 2563 908 2609 ἐ
934 2563 1044 2608 dato
1064 2579 1157 2607 vno
1184 2561 1283 2608 loco
1302 2561 1347 2608 in
1369 2572 1525 2608 metzo
1545 2560 1662 2608 della
1685 2559 1788 2617 cita,

153 2636 261 2683 assai
291 2637 555 2694 commodo,
585 2654 690 2683 cum
727 2654 817 2683 vna
855 2637 1018 2683 chiesia
1045 2635 1188 2681 molto
1214 2635 1367 2682 buona
1401 2647 1446 2682 et
1481 2635 1656 2698 ampla,
1691 2634 1788 2680 cioe

154 2712 291 2775 longa
320 2711 450 2757 canni
488 2711 707 2758 diecisetti
740 2723 784 2757 et
819 2712 943 2775 larga
969 2711 1099 2757 canni
1126 2710 1185 2757 sei
1218 2723 1262 2756 et
1287 2710 1426 2774 palmi
1469 2710 1551 2768 sei,
1584 2708 1791 2756 edificata

153 2786 239 2832 sub
258 2785 392 2832 titulo
410 2785 527 2832 della
545 2786 842 2832 sacratissima
860 2786 1130 2842 assensione,
1150 2784 1266 2831 della
1284 2784 1416 2849 quale
1441 2784 1603 2841 chesia‚
1624 2794 1669 2830 et
1691 2783 1791 2829 loco

209 2980 222 3006 ¹
279 2983 335 3019 De
363 2983 510 3030 origine
531 2988 644 3031 atque
670 2984 791 3020 initiis
811 2984 1029 3021 catanensis
1057 2983 1211 3029 collegii
1238 2984 1414 3020 videatur
1439 2984 1654 3031 POLANCO‚
1681 2987 1706 3019 t.
1731 2991 1789 3029 VI,

155 3056 242 3092 pag.
264 3056 353 3093 332,
374 3056 412 3083 n.
438 3055 552 3095 1357,
574 3047 638 3095 qui
660 3058 740 3083 rem
761 3047 966 3094 diligenter
981 3050 1199 3094 pertractat.

210 3104 226 3130 2
278 3109 463 3145 Nicolaus
497 3110 622 3147 Maria
655 3110 914 3158 Caraceiolus,
936 3111 982 3148 de
1017 3120 1093 3159 quo
1130 3108 1376 3158 ORLAND1N1‚
1413 3106 1525 3149 Hist.
1559 3105 1650 3150 Soc.
1682 3105 1788 3157 Jes„

158 3170 225 3207 lib.
247 3178 336 3214 XVI,
356 3181 391 3208 n.
417 3180 473 3219 17.
