1982 3516
287 251 363 290 454
751 235 984 276 EPISTQLAE
1013 235 1256 276 Mutus—1
1268 248 1283 275 1
1291 236 1342 287 89

212 345 260 390 'l'
285 344 496 390 erection'
521 342 593 390 del
617 341 807 406 collegio
832 342 878 388 in
902 341 1051 406 quella
1074 341 1130 388 de
1164 341 1240 390 M.
1270 341 1362 388 don
1399 341 1605 404 Doymo,
1640 341 1735 388 non'
1762 359 1864 390 reu-

231 418 344 464 scirfl
367 417 461 463 cosi
490 415 617 472 bene,
636 431 767 461 come
790 414 823 460 si
850 413 1034 461 farebbe
1053 414 1316 477 trouandosi
1343 414 1372 460 il
1395 414 1445 461 P.
1474 414 1567 461 Μ.0
1586 414 1800 474 Polanco,
1820 428 1866 463 et

233 491 444 538 uedendo
465 490 478 515 ¹
500 490 539 536 la
561 490 827 553 disposition
847 489 953 537 delli
979 489 1149 554 luoghi.
1172 489 1336 551 Questi
1358 489 1582 535 mulatieri
1604 505 1685 535 son
1706 490 1864 538 uenuti

235 583 258 610 a
296 565 578 611 saluamento
615 575 772 628 questa
806 563 952 622 uolta,
990 581 1119 610 come
1157 580 1268 610 anco
1294 563 1332 609 le
1373 563 1500 621 altre,
1537 574 1582 609 et
1621 580 1753 626 spero
1794 563 1866 611 ch’

234 639 675 702 accompagnandosi
715 655 795 684 sua
838 639 915 685 R.⁸
945 655 1030 684 eon
1069 637 1181 695 loro,
1217 638 1251 684 si
1283 637 1578 684 condurebbe
1609 654 1698 702 qua
1731 655 1868 685 senza

235 711 430 768 fastidi03
458 712 750 769 nondimeno,
776 712 961 775 quando
987 729 1077 759 non
1104 711 1287 775 paressi,
1312 711 1492 758 almeno
1517 711 1622 758 delli
1648 711 1747 758 altri
1773 711 1866 759 fra·
1892 772 1902 779 ἱ

236 787 340 844 telli,
363 788 421 833 mi
450 804 570 850 pare,
591 787 753 845 Padre,
773 781 855 833 ehe
876 804 969 833 non
993 787 1173 834 douessi
1194 787 1431 849 indugiare
1457 787 1514 833 ne
1541 798 1767 850 aspettare
1785 787 1868 834 che

233 860 272 907 le
297 878 398 907 cose
424 878 514 925 qua
538 860 868 907 stessino'cossi
897 861 941 906 in
966 861 1140 917 ordine,
1162 860 1315 923 perch’
1339 877 1363 906 a
1386 849 1506 924 ogni‘
1523 860 1663 907 modo
1688 860 1734 906 in
1758 861 1866 924 ogni

232 935 455 999 principio
479 934 670 999 bisogna
695 935 812 998 patir
837 935 1027 999 qualche
1052 936 1145 998 pus)
1172 935 1217 982 di
1243 935 1476 981 scomodo.

300 1011 447 1057 Harei
474 1011 647 1056 hauuto
679 1027 703 1056 a
727 1027 830 1056 caro
855 1010 937 1056 che
963 1010 1021 1057 V.
1052 1010 1101 1056 P.
1128 1010 1165 1056 ci
1198 1009 1371 1055 hauessi
1402 1008 1614 1067 mandata
1644 1008 1834 1073 qualche
1852 1008 1869 1034 ²

232 1085 505 1132 resolutione
530 1083 675 1131 ferma
700 1083 818 1130 della
843 1096 1025 1141 uenuta,
1051 1094 1152 1142 etc„
1178 1083 1342 1147 perche
1368 1082 1409 1129 13
1434 1082 1591 1129 lettera
1615 1099 1782 1146 pareua
1807 1083 1868 1129 al-

231 1172 404 1225 quanto
434 1160 619 1217 dubbia3
645 1172 689 1206 et
713 1160 758 1206 in
789 1159 931 1206 dubio
962 1159 1137 1224 pigliar'
1161 1159 1199 1206 le
1233 1159 1374 1206 robbe
1405 1175 1430 1204 a
1461 1159 1700 1218 credenza,
1733 1158 1867 1223 quelli

231 1236 314 1282 che
339 1235 378 1281 13
402 1236 555 1282 danno
590 1252 679 1281 non
706 1235 740 1280 si
767 1234 973 1282 rendono
1004 1235 1098 1281 cosi
1137 1233 1268 1293 facili,
1294 1235 1394 1298 pur'
1416 1234 1608 1280 intendo
1640 1234 1680 1280 la
1713 1233 1870 1280 lettera

232 1311 288 1357 ad
314 1310 503 1358 literam.
533 1310 595 1357 Et
615 1310 837 1356 ancorche
862 1310 974 1355 saria
992 1320 1110 1356 stato
1138 1309 1281 1356 molto
1301 1310 1341 1356 al
1362 1309 1602 1373 proposito
1625 1309 1708 1355 che
1731 1309 1790 1356 V.
1817 1309 1867 1357 P.

232 1381 405 1428 hauessi
445 1380 660 1428 mandato
697 1380 843 1427 alcuni
874 1380 1047 1438 danari,
1081 1380 1246 1443 perche
1280 1398 1369 1444 qua
1402 1397 1494 1427 non
1527 1398 1576 1427 ce
1612 1382 1683 1438 ne,
1717 1391 1868 1427 tamen

232 1455 337 1520 quel
362 1456 445 1502 che
470 1456 512 1501 in
547 1466 708 1520 questo
738 1455 875 1501 breue
902 1456 1115 1519 tempo‘s'
1136 1456 1160 1501 e
1186 1452 1351 1518 p'otuto
1376 1454 1458 1501 far’
1479 1456 1520 1513 ἐ,
1545 1455 1617 1501 ch'
1638 1454 1865 1502 habbiam'

233 1541 414 1577 trouato
455 1530 526 1576 chi
566 1530 603 1576 ci
636 1529 694 1576 da
725 1546 749 1575 3
779 1528 1016 1586 credenza,
1048 1546 1073 1575 a
1103 1528 1291 1592 paghar'
1311 1530 1509 1576 secondo
1545 1529 1627 1576 che
1662 1531 1798 1576 uorrai
1839 1529 1867 1575 il

232 1604 425 1668 patron'‚
450 1604 562 1650 dieci
589 1620 765 1650 somme
789 1604 834 1650 di
859 1620 1003 1667 grano
1027 1603 1066 1649 31
1092 1605 1238 1667 pretio
1268 1616 1490 1662 corrente,
1516 1605 1598 1652 che
1622 1622 1704 1651 son
1739 1623 1771 1664 4
1794 1616 1867 1662 Δ,

232 1695 362 1726 come
395 1695 549 1742 penso.
578 1678 614 1724 Il
646 1678 727 1724 che
752 1678 811 1725 dai
841 1689 1002 1742 questo
1033 1694 1176 1741 grano
1202 1678 1226 1724 e
1259 1678 1525 1742 monsignor
1558 1678 1586 1724 il
1618 1695 1815 1725 uescouo
1837 1678 1866 1725 ³:

234 1754 277 1799 io
302 1754 551 1816 procuraro
575 1753 609 1798 si
636 1751 823 1798 maccini
847 1751 1014 1799 subito.
1045 1752 1099 1799 Li
1126 1753 1374 1799 matarazzi
1400 1752 1590 1816 bisogna
1613 1753 1696 1799 che
1721 1753 1755 1799 si
1775 1751 1865 1800 fac-

197 1862 199 1866 ·
233 1828 377 1884 ciano,
408 1828 574 1891 perche
617 1827 860 1873 altrimenti
897 1844 988 1873 non
1024 1827 1059 1872 si
1096 1837 1302 1884 trouano,
1338 1845 1418 1891 per
1448 1829 1578 1874 esser’
1598 1828 1807 1891 occupati
1842 1827 1868 1874 li

235 1902 327 1948 letti
356 1901 427 1948 ch’
446 1903 479 1947 s’
501 1901 735 1947 harebbon
755 1913 920 1964 potuto
939 1914 1136 1949 trouare.
1157 1901 1294 1960 Anti,
1313 1903 1394 1949 che
1418 1919 1500 1948 son
1525 1902 1672 1966 prima
1692 1902 1866 1958 uenuti,

233 1977 429 2023 domane
454 1976 569 2022 colla
593 1976 736 2039 gratia
759 1976 830 2023 del
856 1976 1047 2039 Signore
1073 1977 1317 2023 uederemo
1343 1977 1399 2023 de
1424 1976 1506 2023 far'
1527 1975 1609 2023 far'
1635 1977 1693 2024 da
1724 1992 1795 2036 12,
1821 1989 1867 2023 et

192 2089 194 2091 ,
233 2050 426 2114 pigliarli
452 2067 475 2095 a
499 2050 735 2106 credenza,
767 2061 811 2096 et
844 2049 881 2096 16
911 2062 1094 2113 coperte
1127 2062 1171 2096 et
1203 2050 1389 2097 lensuoli
1421 2063 1465 2097 et
1496 2051 1645 2097 tauole
1675 2068 1699 2097 a
1730 2067 1870 2114 pagar

235 2126 273 2171 al
310 2126 449 2172 modo
481 2126 563 2171 che
596 2125 693 2171 dice
726 2125 763 2170 la
796 2125 966 2173 lettera.
999 2125 1116 2173 Colli
1152 2126 1264 2173 duoi
1296 2126 1464 2173 surnari
1495 2119 1566 2173 del
1601 2126 1796 2190 collegio
1826 2142 1871 2172 se

235 2200 413 2264 potrian
454 2198 534 2245 far'
570 2199 739 2262 portar’
772 2199 818 2246 di
853 2199 883 2245 li
916 2199 1074 2246 alcune
1105 2200 1216 2246 altre
1246 2212 1348 2247 cose
1382 2200 1646 2258 necessarie,
1680 2212 1725 2247 et
1757 2216 1870 2246 anco

236 2275 393 2321 alcune
417 2285 602 2338 coperte
626 2285 670 2320 et
695 2274 897 2320 lensuoli.
946 2310 952 2317 .

303 2348 392 2394 Del
420 2348 527 2394 uino
553 2364 643 2394 non
669 2348 702 2393 s’
724 2348 747 2393 e
774 2359 940 2411 potuto
965 2349 1193 2393 remetter’
1214 2348 1294 2411 piu
1319 2348 1390 2394 ch’
1411 2365 1501 2395 una
1535 2349 1663 2395 botta
1687 2349 1743 2396 de
1770 2366 1868 2396 rne—

236 2423 405 2479 diocre,
437 2423 493 2469 de
529 2422 555 2468 6
587 2438 780 2479 somme,
810 2433 855 2468 et
884 2423 962 2467 un’
986 2422 1098 2468 altra
1122 2422 1306 2485 piccola,
1341 2440 1422 2486 per
1462 2435 1779 2470 mancamento
1810 2423 1868 2471 de

238 2497 384 2553 botte,
411 2497 492 2542 che
518 2513 608 2560 qua
633 2512 723 2542 non
749 2496 782 2541 si
809 2507 1018 2552 trouano‚
1046 2497 1101 2542 ne
1127 2513 1241 2543 anco
1266 2513 1345 2559 per
1369 2498 1540 2556 danari,
1572 2514 1652 2561 per
1685 2497 1866 2544 hauerle

236 2572 345 2635 'ogni
371 2572 426 2618 de
451 2571 659 2634 bisogno,
684 2581 781 2627 etc.;
807 2572 908 2634 pur’
930 2588 975 2617 se
1000 2574 1182 2618 trouarai
1202 2588 1226 2617 3
1243 2588 1454 2635 comprar
1472 2571 1584 2618 colle
1609 2571 1714 2619 bote
1734 2572 1867 2618 insie-

238 2662 325 2703 me,
350 2662 477 2692 scoso
501 2645 583 2691 che
609 2646 707 2691 sarsi
732 2656 892 2709 questo
917 2662 1081 2708 puoco,
1107 2658 1151 2692 et
1175 2663 1199 2691 a
1224 2645 1349 2692 buon
1375 2658 1587 2693 mercatO.

258 2778 261 2782 μ
303 2720 370 2766 La
399 2719 648 2776 comunitd,
679 2736 758 2782 per
784 2719 938 2766 hauer'
970 2719 997 2765 il
1031 2731 1226 2766 maestro
1260 2720 1336 2766 fin'
1369 2721 1407 2767 al
1449 2721 1613 2784 Magio
1642 2720 1864 2778 salariam,

291 2915 303 2940 ¹
360 2917 433 2954 MS.
454 2912 684 2953 uendendo.

291 2975 307 3000 2
363 2979 434 3015 Ms.
456 2975 624 3028 quache.

291 3039 305 3064 ³
360 3043 529 3078 Joannes
560 3040 783 3078 Dominieus
804 3040 1010 3086 Moriconi,
1044 3041 1108 3088 qui
1129 3042 1210 3087 jam
1239 3040 1377 3077 abhinc
1406 3040 1563 3087 triginta
1591 3043 1628 3077 et
1655 3050 1723 3077 sex
1749 3037 1867 3076 annis

238 3105 445 3141 dioecesim
468 3104 675 3140 amerinam
696 3103 863 3140 tenebat.
