2008 3510
336 255 412 294 668
798 256 1034 296 prsromuz
1063 257 1391 309 M¹XTAE-··1274

1025 437 1050 470 1
1060 436 1090 470 ᾖ
1100 437 1124 471 ⁸1
1134 437 1165 470 4

810 522 1048 566 ANDREAS
1078 522 1373 560 LIPOMANUS

758 612 875 638 PRIOR
901 612 1170 637 SANCTISSIMAE
1196 613 1419 638 TRINITATIS

581 683 814 731 PAULO
848 684 919 731 III
956 684 1217 731 SUMMO
1257 681 1604 732 PONTIFICI

753 789 947 816 vENETns
980 778 1027 816 18
1057 788 1233 816 AUGUSTI
1266 778 1365 829 1548
1396 778 1426 817 ¹.

275 882 368 918 Orat
387 887 428 919 ut
448 884 783 920 commendatione
804 895 873 920 sua
895 884 1084 930 pontifex,
1108 884 1208 930 apud
1230 888 1406 921 senatum
1426 885 1689 932 Venetiarum,
1710 887 1906 933 negotium

328 947 374 982 de
397 947 655 994 adjudicando
676 948 922 984 instituendis
949 948 1125 994 collegiis
1153 948 1322 994 prioratu
1344 948 1446 985 Stae.
1469 949 1615 985 Mariae
1636 949 1906 997 MagdaIenae,

327 1019 439 1055 quem
461 1009 695 1056 Lipomanus
716 1010 907 1057 possidet,
932 1011 1117 1057 adJ‘uvare
1138 1010 1243 1047 veiit.

336 1113 600 1161 Beatissimo
631 1115 787 1163 Padre.
814 1115 1058 1162 Essendosi
1082 1114 1111 1161 il
1135 1115 1292 1178 signor
1315 1115 1409 1162 Dio
1438 1115 1638 1178 degnato
1661 1116 1905 1163 conceder-

271 1188 333 1234 mi
360 1205 440 1251 per
464 1205 631 1235 mezzo
656 1188 773 1235 della
796 1200 922 1235 santa
946 1189 1050 1236 sede
1075 1188 1319 1252 apostolica
1349 1189 1428 1236 dui
1461 1189 1648 1252 priorati
1673 1206 1702 1236 o
1730 1201 1903 1253 precet-

271 1263 400 1320 torie‚
425 1273 470 1309 et
493 1263 679 1309 insieme
703 1263 927 1310 desiderio
951 1264 1008 1310 de
1032 1264 1245 1327 spender,
1269 1263 1448 1310 almeno
1474 1264 1518 1310 in
1544 1275 1687 1327 parte,
1712 1281 1736 1310 a
1759 1265 1903 1328 gloria

270 1338 385 1385 della
409 1355 489 1384 sua
512 1338 669 1385 diuina
695 1340 864 1385 maesta
889 1350 934 1385 et
957 1338 1106 1385 utilita
1138 1338 1199 1385 dil
1231 1338 1456 1401 prossimo
1488 1338 1514 1383 l'
1535 1338 1711 1385 intrade
1742 1339 1786 1386 d’
1807 1339 1904 1396 essi,

269 1415 506 1476 pensando
539 1413 582 1460 io
615 1430 745 1459 come
778 1425 940 1478 questo
976 1414 1010 1459 si
1045 1413 1212 1476 potessi
1244 1411 1354 1469 fare,
1382 1413 1516 1459 etiam
1551 1413 1708 1476 doppo
1741 1412 1770 1459 li
1803 1414 1906 1460 miei

269 1488 439 1551 giomi,
467 1488 527 1534 mi
563 1505 765 1545 occorse,
793 1487 862 1534 fra
897 1488 922 1533 l’
952 1487 1063 1534 altre
1097 1488 1169 1551 pie
1202 1504 1363 1551 opere,
1396 1487 1437 1533 la
1462 1487 1817 1551 congregatione
1847 1487 1905 1534 de

267 1562 491 1609 sacerdoti
527 1563 584 1609 de
618 1562 784 1621 Giesfi,
819 1579 899 1626 per
931 1562 970 1608 la
1000 1563 1164 1608 santita
1196 1573 1348 1608 vostra
1379 1562 1747 1608 canonicamente
1781 1562 1906 1608 insti-

267 1647 366 1683 tuta
398 1648 442 1683 et
477 1636 743 1700 approbata.
784 1635 848 1682 Et
882 1636 1265 1700 persuadendomi
1303 1653 1421 1683 esser
1443 1653 1546 1682 cosa
1577 1636 1650 1699 pia
1682 1647 1726 1682 et
1758 1635 1904 1682 molto

266 1711 508 1776 gioueuole
535 1712 574 1758 al
601 1711 716 1758 bene
743 1711 1012 1769 uniuersale,
1041 1723 1085 1758 et
1110 1711 1429 1774 specialmente
1452 1711 1658 1758 dedicata
1677 1710 1762 1756 alla
1779 1712 1905 1757 santa

265 1787 370 1833 sede
394 1786 660 1850 apostolica,
685 1786 901 1849 supplicai
928 1786 969 1832 la
994 1786 1158 1832 santita
1193 1796 1345 1832 vostra
1374 1802 1419 1832 se
1450 1785 1626 1849 dignasi
1650 1785 1695 1831 d’
1716 1802 1832 1843 un0,
1856 1795 1903 1831 et

267 1860 296 1907 il
327 1861 539 1924 maggior
569 1861 625 1907 de
657 1861 803 1924 questi
836 1860 938 1906 miei
971 1860 1199 1925 beneficij,
1233 1859 1445 1906 instituir'
1465 1860 1574 1906 duoi
1606 1859 1784 1924 collegij
1822 1876 1905 1923 per

268 1935 441 1982 nutrire
472 1946 517 1982 et
546 1947 815 2001 amaestrare
845 1934 874 1981 li
907 1935 1096 1981 scholari
1128 1936 1199 1982 ch'
1220 1935 1468 1998 aspirasino
1492 1951 1518 1980 a
1546 1935 1671 1981 detta
1701 1934 1903 1998 Compa-

267 2009 384 2073 gnia.
425 2009 493 2055 La
529 2009 690 2073 qualle·
715 2009 805 2055 mia
843 2009 1050 2072 supplica
1081 2021 1236 2055 vostra
1271 2008 1551 2056 beatitudine
1583 2008 1786 2055 abrazzo
1816 2025 1902 2055 con

267 2083 414 2147 quella
437 2083 609 2130 charita
634 2094 680 2129 et
704 2081 862 2129 fauore
893 2082 976 2129 che
1000 2083 1046 2130 di
1078 2081 1133 2129 lei
1159 2099 1204 2129 se
1228 2099 1438 2146 speraua3
1470 2093 1516 2129 et
1546 2081 1640 2129 fece
1670 2083 1835 2146 spedir’
1856 2083 1902 2130 di

266 2168 428 2221 questo
462 2157 501 2204 le
538 2157 675 2216 holle,
705 2168 749 2202 et
780 2155 826 2202 di
858 2172 948 2219 qua
981 2171 1062 2219 per
1095 2156 1238 2219 gratia
1268 2156 1328 2202 dil
1366 2155 1553 2219 Signore
1585 2172 1666 2219 per
1697 2156 1821 2202 uirtu
1855 2156 1900 2203 d'

266 2248 358 2277 esse
383 2233 406 2277 ἐ
432 2247 564 2294 preso
594 2230 623 2277 il
650 2246 832 2294 posesso
856 2229 1101 2292 spirituale.
1128 2230 1214 2276 Ma
1239 2230 1425 2294 perche,
1452 2230 1710 2277 beatissimo
1741 2230 1901 2288 Padre,

266 2322 346 2368 per
370 2306 397 2351 l'
418 2306 578 2352 ultima
601 2304 891 2351 conclusione
916 2314 1034 2350 resta
1053 2315 1176 2350 torre
1202 2304 1228 2350 il
1255 2320 1415 2367 poseso
1435 2304 1698 2368 temporale,
1723 2303 1753 2350 il
1770 2303 1901 2368 quale

265 2380 300 2426 si
325 2379 462 2444 piglia
485 2397 571 2427 con
595 2395 814 2426 consenso
839 2378 884 2425 di
910 2378 1056 2442 questi
1082 2378 1222 2425 nostri
1251 2379 1438 2443 signori,
1469 2379 1497 2425 li
1522 2378 1682 2443 qualli‚
1712 2379 1900 2426 essendo

265 2453 494 2500 obedienti
520 2453 711 2517 figliuoli
740 2453 785 2499 di
815 2453 877 2500 V.
907 2454 965 2510 S.,
992 2469 1083 2499 non
1109 2453 1271 2500 dubito
1300 2454 1382 2500 che
1413 2453 1492 2517 piu
1525 2452 1760 2500 uolentieri
1791 2469 1899 2499 con-

264 2528 539 2585 sentiranno,
566 2529 599 2573 s’
621 2528 664 2573 in
691 2537 853 2591 questo
878 2527 1055 2574 uedeno
1084 2527 1273 2591 speciale
1303 2526 1448 2574 fauor'
1469 2527 1515 2575 di
1551 2528 1609 2575 V.
1635 2527 1702 2584 Β.,
1735 2527 1898 2573 humil-

265 2613 418 2648 mente
443 2602 482 2648 la
506 2601 717 2665 supplico
741 2601 774 2647 si
804 2601 944 2665 degni
969 2602 1064 2648 dar'
1092 2602 1118 2648 il
1144 2600 1291 2648 fauor'
1310 2601 1382 2649 ch’
1401 2601 1428 2648 il
1454 2601 1605 2648 lattor'
1623 2601 1668 2648 di
1693 2612 1852 2665 questa
1872 2601 1899 2647 li

265 2677 543 2732 raccordarin
574 2676 697 2723 accio
722 2675 750 2721 li
777 2676 880 2722 miei
905 2676 1135 2740 desiderij,
1162 2689 1206 2723 et
1230 2693 1359 2723 corne
1383 2677 1519 2724 credo
1543 2677 1589 2723 di
1618 2677 1676 2725 V.
1699 2676 1761 2735 S.‚
1787 2675 1898 2722 hab-

266 2750 433 2797 bianno
474 2750 601 2798 felice
640 2749 932 2810 conclusion',
967 2761 1012 2798 et
1041 2767 1136 2798 essa
1174 2751 1275 2798 nelli
1310 2751 1408 2798 suoi
1440 2751 1605 2815 giomi,
1636 2762 1681 2798 et
1715 2751 1758 2798 io
1793 2750 1897 2797 nelli

266 2825 384 2882 miei,
410 2826 639 2889 possiamo
671 2825 823 2872 ueder'
843 2825 1022 2872 almeno
1051 2825 1095 2872 in
1126 2837 1253 2889 parte
1286 2826 1313 2872 li
1346 2824 1475 2872 frutti
1507 2826 1551 2872 di
1585 2836 1742 2890 questa
1771 2835 1898 2871 santa

264 2915 404 2962 opera
429 2917 453 2946 a
479 2900 624 2964 gloria
653 2899 715 2947 dil
749 2899 905 2963 signor
935 2900 1043 2957 Dio,
1078 2900 1106 2946 il
1137 2900 1284 2964 qualle
1315 2917 1493 2964 sempre
1524 2899 1686 2948 felicite
1716 2911 1761 2947 et
1790 2917 1897 2964 pro-

266 2973 386 3036 speri
413 2973 474 3021 V.
499 2974 539 3021 S.
568 2990 649 3037 per
672 2973 816 3038 gloria
839 2991 919 3022 sua
941 2986 986 3022 et
1011 2974 1157 3022 utilita
1180 2975 1297 3023 della
1321 2988 1448 3028 santa
1470 2976 1628 3023 chiesa.
1658 2975 1721 3022 Di
1745 2977 1895 3023 Vene-

322 3127 333 3152 ¹
393 3129 448 3167 Ex
473 3129 699 3178 apographo
721 3130 758 3166 in
778 3130 852 3168 vol.
875 3127 1009 3181 Epist.
1027 3126 1306 3177 diversorum,
1324 3130 1526 3177 semifolio,
1544 3142 1579 3167 n.
1602 3138 1661 3180 15,
1679 3129 1784 3177 prius
1800 3139 1890 3176 44²·
