1982 3516
310 295 334 335 4
338 276 388 335 36
776 276 1011 322 Emsromss
1038 276 1287 323 M1XTAE—1
1300 277 1369 323 181

254 407 433 453 sempre
466 389 709 436 obediente
739 401 784 436 et
814 390 860 437 di
892 390 1044 437 buona
1084 391 1391 451 edificatione,
1432 404 1477 440 et
1514 410 1596 456 per
1635 391 1663 440 il
1700 411 1783 441 suo
1822 392 1892 442 in-

254 482 440 528 segnare
472 481 609 528 greco
639 477 684 511 et
715 464 876 523 latino,
909 467 1066 530 aginta
1098 467 1242 524 molti,
1273 479 1318 514 et
1351 469 1491 514 anche
1524 468 1550 514 il
1570 468 1799 532 collegio,
1825 468 1893 516 fa-

254 539 398 585 cendo
423 538 639 585 etiamdio
663 555 774 602 gran
801 555 1042 603 progresso
1068 541 1183 586 nelle
1207 540 1378 588 lettere.

318 612 354 657 Il
382 611 510 658 fratel
538 613 704 659 Marco
729 614 920 671 Valdes,
947 631 1025 678 per
1051 631 1169 660 esser
1198 615 1293 661 cosi
1321 615 1520 673 nouitio,
1544 616 1721 662 camina
1746 616 1891 664 molto

254 687 380 734 bene.
413 686 467 733 Ci
498 686 656 733 edifica
697 687 841 733 molto
880 688 918 733 la
950 705 1060 734 suoa
1091 688 1369 748 obedientia,
1402 701 1447 736 et
1475 707 1540 737 -va
1572 691 1767 737 tuttauia
1795 708 1891 738 cre—

251 757 418 808 scendo
445 761 546 807 nelo
571 761 744 824 spirito.
765 761 882 808 Nele
904 761 1058 808 lettere
1085 764 1140 808 ha
1165 762 1281 809 fatto
1298 763 1423 810 buon
1449 762 1595 811 frutto
1614 782 1638 811 a
1663 777 1708 811 se
1732 777 1889 824 stesso,

252 836 514 883 reuedendo
544 836 692 882 obiter
723 836 761 882 le
791 853 892 882 cose
921 836 1020 883 dela
1051 838 1367 900 grammatica,
1400 849 1445 884 et
1474 837 1758 902 insegnando
1792 838 1892 885 nela

252 911 388 958 classe
418 911 475 958 de
509 911 704 974 Virgilio
736 922 780 957 et
810 911 1046 968 Cicerone,
1079 923 1123 957 et
1154 910 1321 958 sadisfa
1354 912 1462 958 assai
1497 912 1551 958 ali
1575 913 1675 959 suoi
1699 912 1891 960 scholari

252 998 296 1032 et
321 986 471 1032 officio
496 1002 594 1042 suo,
620 998 664 1031 et
689 997 756 1031 sta
779 1002 889 1031 sano
914 986 959 1032 d'
980 1003 1040 1032 vn
1067 1003 1182 1049 poco
1207 987 1251 1033 di
1280 1003 1423 1050 rogna
1448 987 1493 1033 in
1521 986 1666 1034 fuora.

319 1061 356 1106 Il
388 1060 517 1107 fratel
551 1060 655 1107 Gi0.
687 1061 957 1124 Rodriguez
975 1062 1013 1106 'e
1038 1072 1156 1107 stato
1183 1062 1291 1108 assai
1318 1079 1442 1109 sano.
1470 1063 1632 1124 Questi
1659 1062 1807 1126 giorni
1828 1062 1891 1126 gli

253 1138 276 1181 ἐ
304 1147 476 1182 venuto
502 1153 561 1181 vn
587 1146 784 1192 catarro,
809 1137 891 1181 che
924 1135 948 1181 li
983 1153 1114 1182 causa
1142 1153 1229 1182 vna
1255 1137 1428 1199 grande
1452 1147 1572 1183 tosse
1595 1146 1640 1183 et
1664 1135 1818 1200 doglia
1843 1137 1891 1183 di

250 1227 391 1273 capo:
426 1210 455 1255 il
494 1210 671 1256 medico
704 1221 771 1256 sta
811 1210 855 1256 di
899 1210 1053 1255 buona
1093 1227 1316 1273 speranza
1351 1212 1433 1258 che
1476 1222 1629 1274 presto
1670 1211 1889 1274 guarisca.

253 1273 289 1331 Ε
315 1301 507 1347 persona
532 1297 693 1347 questo
727 1283 904 1330 fratello
937 1285 981 1330 di
1012 1284 1225 1347 singolar’
1251 1284 1535 1331 edificatione
1566 1302 1590 1331 a
1615 1285 1721 1331 tutti
1750 1301 1830 1348 per
1850 1285 1892 1331 la

251 1375 361 1404 suoa
384 1358 652 1415 obedienza,
678 1359 848 1405 charita
872 1370 917 1405 et
944 1360 1184 1412 modestia;
1214 1359 1237 1404 e
1264 1370 1382 1405 stato
1409 1360 1552 1406 molto
1577 1359 1794 1423 diligente
1818 1359 1890 1406 nel

252 1432 487 1496 insegnare
522 1432 618 1478 nela
649 1449 760 1478 suoa
792 1432 927 1479 classe
958 1451 1059 1479 cose
1090 1433 1135 1480 di
1170 1434 1490 1496 grammatica,
1530 1433 1628 1480 nela
1660 1433 1792 1498 quale
1831 1434 1890 1480 ha

253 1505 369 1552 fatto
394 1507 518 1552 buon
545 1505 712 1563 frutt03
739 1507 795 1552 ha
827 1507 915 1553 ben
948 1507 1184 1571 insegnato
1214 1508 1432 1565 anchora,
1463 1525 1594 1554 come
1623 1507 1664 1554 le
1689 1507 1891 1554 bucolica

252 1581 296 1627 di
324 1581 531 1645 Vergilio
556 1593 601 1627 et
633 1598 693 1627 vn
720 1598 835 1645 poco
867 1580 912 1627 d'
932 1582 1120 1644 epistole
1152 1580 1361 1628 familiari
1393 1582 1438 1629 di
1471 1582 1710 1630 Cicerone.
1737 1582 1799 1628 Di
1826 1581 1887 1628 lui

252 1656 496 1720 giudicano
539 1655 684 1702 alcuni
729 1655 869 1702 nostri
914 1655 1074 1702 fratelli
1115 1656 1196 1703 che
1229 1673 1319 1702 non
1351 1656 1415 1702 sia
1457 1674 1536 1720 per
1567 1656 1721 1703 andar'
1742 1656 1888 1703 molto

251 1730 403 1776 inanzi
429 1729 525 1776 nele
552 1730 727 1787 lettere,
753 1747 834 1792 per
859 1746 952 1775 non
980 1729 1132 1775 hauer'
1154 1731 1354 1793 ingegno
1379 1731 1437 1777 da
1460 1731 1546 1787 cio,
1572 1742 1616 1777 et
1641 1747 1782 1794 penso
1806 1731 1889 1777 che

251 1821 348 1851 esso
373 1816 513 1850 stesso
543 1804 637 1850 cosi
663 1804 863 1867 giudica,
894 1814 938 1849 et
970 1804 1110 1850 anche
1138 1821 1217 1867 per
1243 1803 1270 1849 l'
1296 1806 1367 1851 eta
1399 1805 1481 1851 che
1514 1805 1587 1868 gia
1618 1805 1695 1862 ha,
1722 1804 1887 1868 perche

251 1879 362 1926 altra
392 1879 517 1925 volta
547 1879 580 1925 s'
618 1880 641 1925 ἐ
673 1879 911 1942 ragionato
942 1879 997 1924 de
1030 1878 1143 1924 farlo
1181 1895 1455 1942 promouere
1487 1879 1542 1925 ali
1573 1879 1686 1925 sacri
1721 1879 1885 1926 ordini.

251 1954 430 2001 Adesso
454 1953 525 1999 ch'
546 1953 728 1999 intende
755 1954 868 2014 bene
895 1953 936 1998 la
959 1954 1280 2016 grammatica,
1305 1954 1442 2001 credo
1467 1953 1497 1999 li
1524 1953 1716 2000 bastaria
1741 1953 1769 2000 l’
1788 1954 1887 2000 ani-

251 2045 329 2075 mo
366 2029 590 2092 imparare
630 2028 716 2074 casi
755 2027 800 2074 di
842 2028 1111 2074 conscienza
1152 2041 1197 2074 et
1238 2028 1349 2074 altre
1391 2045 1510 2075 cose.
1541 2028 1824 2092 apartinente
1864 2045 1888 2073 a

250 2103 278 2149 l’
297 2103 446 2149 officio
470 2104 527 2149 de
551 2102 751 2158 lordine,
779 2112 825 2147 et
848 2119 932 2147 con
958 2113 1140 2166 questo,
1166 2103 1353 2166 quando
1378 2119 1578 2165 paresse,
1605 2102 1754 2166 potria
1778 2119 1887 2148 con-

250 2177 427 2223 tinuare
450 2177 478 2222 l’
500 2177 735 2239 insegnare
760 2177 1074 2239 grammatica,
1099 2177 1182 2222 che
1207 2177 1249 2222 in
1279 2188 1440 2240 questo
1467 2177 1523 2223 ha
1549 2175 1701 2223 buona
1725 2177 1887 2240 gratia,

250 2262 295 2297 et
335 2249 418 2297 faci
450 2267 562 2314 gran
593 2249 740 2296 frutto
784 2249 870 2295 neli
901 2250 1081 2307 scolari,
1113 2262 1157 2296 et
1184 2250 1216 2296 li
1251 2251 1362 2296 saria
1393 2249 1522 2297 facile
1563 2251 1619 2297 ad
1661 2250 1886 2314 insegnar’

251 2336 410 2389 queste
434 2342 551 2383 cose,
575 2324 695 2388 quali
722 2324 783 2370 fin
810 2324 887 2388 qui
915 2325 972 2370 ha
999 2324 1143 2371 molto
1168 2323 1254 2371 ben
1281 2325 1480 2372 studiato
1504 2324 1529 2372 ¹.

317 2400 355 2446 Il
379 2399 509 2446 fratel
535 2398 754 2445 Gabrielo
782 2398 971 2444 Bissolio
998 2399 1021 2444 ἐ
1047 2411 1164 2445 stato
1188 2396 1418 2463 sano'quel
1446 2411 1603 2463 tempo
1627 2398 1699 2445 ch'
1718 2400 1742 2445 ἐ
1767 2410 1885 2446 stato

250 2474 340 2538 qui.
364 2463 400 2521 Ε
425 2475 469 2520 di
490 2473 643 2519 buona
661 2472 958 2529 edificatione,
979 2491 1003 2519 e
1030 2473 1173 2519 molto
1197 2474 1414 2537 diligente
1442 2473 1543 2520 nelo
1568 2474 1782 2522 studiare.
1809 2474 1885 2520 Da

249 2549 440 2612 qualche
466 2565 582 2612 poco
606 2559 763 2610 tempo
789 2547 833 2593 in
859 2564 971 2611 qua,
1000 2547 1056 2593 ha
1086 2548 1322 2611 insegnato
1355 2548 1400 2594 in
1426 2565 1517 2594 vna
1541 2549 1680 2595 classe
1710 2564 1812 2595 cose
1837 2548 1884 2595 di

187 2643 189 2645 ·
249 2624 559 2687 grammatica,
583 2639 712 2669 come
737 2622 792 2668 de
819 2622 1077 2685 generibus,
1103 2622 1496 2681 declinationibus,
1521 2634 1566 2669 et
1597 2622 1635 2669 le
1659 2622 1814 2687 regole
1837 2622 1882 2669 di

250 2698 483 2745 Guarrino
503 2697 534 2756 ²,
559 2709 603 2744 et
629 2698 685 2743 ha
710 2697 852 2742 anche
873 2697 982 2743 letto
1005 2714 1064 2743 vn
1083 2714 1200 2760 poco
1219 2697 1263 2744 di
1287 2715 1443 2761 greco,
1469 2699 1513 2744 in
1538 2697 1620 2744 che
1645 2697 1680 2743 s’
1701 2697 1724 2742 ἐ
1749 2697 1884 2743 ritro—

250 2784 357 2818 uato
388 2773 496 2819 assai
530 2772 727 2830 nouitio,
762 2788 841 2834 per
873 2788 964 2818 non
997 2772 1151 2818 hauer’
1186 2772 1297 2829 mai,
1327 2766 1462 2819 como
1493 2772 1622 2829 dice,
1644 2783 1791 2818 atesso
1815 2770 1883 2817 ala

305 2968 317 2993 ¹
372 2971 531 3006 Joannis
556 2970 770 3016 Rodriguez
798 2969 945 3005 obitum
974 2973 1010 3005 et
1034 2968 1146 3006 funus
1175 2973 1303 3005 narrat
1331 2970 1404 3006 hoc
1431 2970 1516 3015 ipso
1543 2979 1643 3006 anno
1672 2969 1880 3015 POLANCO,

250 3038 273 3069 t.
295 3042 351 3077 V1,
373 3043 460 3078 pag.
488 3033 574 3077 108,
601 3043 687 3079 109,
709 3042 745 3067 n.
768 3032 856 3078 385.

301 3092 317 3117 2
371 3095 538 3131 Joannes
565 3095 647 3131 Bia.
682 3094 854 3139 Guarini,
885 3093 1121 3139 veronensis,
1149 3094 1195 3129 de
1231 3104 1306 3140 quo
1340 3090 1516 3130 videatur
1546 3087 1881 3143 Bz'blz'ograpkia

249 3154 451 3204 critica...,
475 3161 628 3193 auctore
650 3157 871 3193 chnAELE
892 3165 918 3192 A
940 3157 1031 3193 STo.
1053 3156 1221 3203 JOSEPH,
1244 3161 1268 3194 t.
1292 3165 1348 3203 111,
1371 3167 1457 3203 pag.
1481 3167 1540 3194 12.
