2008 3510
741 239 787 278 18
816 239 1030 279 ocronms
1062 249 1161 289 1549
1631 236 1708 288 689

138 343 275 390 alium
300 343 470 401 videas,
496 343 743 408 multisque
766 360 926 391 eorum
951 342 1194 408 aliquando
1222 358 1312 388 non
1336 344 1484 388 solum
1511 358 1591 406 per
1614 352 1758 389 totam

137 417 275 475 diem,
299 418 377 464 sed
401 428 446 464 et
470 434 549 481 per
574 428 718 464 totam
744 429 923 465 noctem
943 428 1112 464 erectos
1130 428 1246 463 stare
1266 433 1442 463 necesse
1460 428 1541 476 est,
1562 428 1762 481 praeter-

136 509 274 557 quam
300 493 425 556 quod
450 509 475 538 a
504 492 672 550 calore,
698 493 774 557 qui
801 493 845 539 in
871 493 938 539 his
962 491 1225 555 regionibus
1250 502 1338 548 est,
1365 491 1560 537 maxime
1585 508 1762 556 angun-

138 578 226 623 tur,
251 566 312 612 ita
337 577 387 612 vt
413 566 540 612 multi
572 567 616 612 in
650 567 887 613 aduersam
918 566 1157 613 inciderint
1188 565 1520 622 ualetudinem3
1553 582 1638 629 pro
1662 566 1762 631 qui-

138 639 223 686 bus
263 657 355 686 non
396 657 583 704 paruam
626 641 918 704 pecuniarum
959 657 1187 686 summam
1221 640 1446 702 impendi,
1478 656 1616 703 quam
1651 640 1762 687 mihi

137 728 408 762 mercatores
431 716 671 773 dederant,
697 728 873 779 praeter
903 732 975 762 eas
997 715 1157 771 etiam,
1189 731 1301 779 quas
1333 726 1497 761 mutuo
1522 714 1694 779 accepi,
1719 726 1765 762 et

136 807 223 847 eas,
248 807 364 855 quae
387 807 412 836 a
435 790 605 837 Toleto
630 791 689 837 ad
711 807 783 837 me
809 790 964 836 missae
989 788 1191 836 fuerunt.

204 865 339 911 Pueri
375 865 446 912 hic
478 882 571 912 non
600 866 814 912 desinunt
846 882 919 911 me
949 876 994 911 et
1027 863 1297 927 Ignatium¹
1333 863 1506 910 iniuriis
1537 865 1762 922 lacessere,

136 955 248 1003 quas
272 939 456 1002 quidem
483 939 687 1003 Ignatius
712 952 805 986 tam
830 955 996 1002 magna
1019 939 1210 985 sustinet
1234 937 1464 1002 patientia,
1483 949 1535 984 ut
1559 955 1583 984 a
1606 939 1763 986 castel—

135 1014 222 1061 lani
248 1014 349 1061 filiis
379 1014 564 1079 aliisque
597 1014 752 1061 multis
776 1014 1029 1062 audiuerim
1060 1031 1106 1060 se
1131 1013 1269 1060 etiam
1301 1013 1427 1078 ligno
1452 1024 1497 1059 et
1521 1013 1683 1060 baculo
1706 1014 1763 1061 ab

136 1088 399 1136 huiusmodi
425 1090 575 1153 pueris
599 1090 722 1136 caedi
748 1105 929 1152 passum
954 1087 1110 1146 fuisse3
1135 1105 1191 1134 ex
1214 1105 1308 1152 quo
1327 1104 1487 1134 omnes
1511 1087 1638 1134 illum
1657 1105 1762 1135 san-

134 1174 259 1209 ctum
286 1163 519 1210 hominem
545 1163 762 1210 iudicant.
790 1163 895 1208 Alio
920 1162 994 1209 die
1018 1162 1226 1225 captiuus
1256 1162 1443 1226 quidam
1469 1162 1763 1210 castellanum

135 1237 259 1296 adiit,
280 1237 447 1295 dicens,
466 1255 606 1301 quare
631 1237 880 1301 negligeret
904 1253 975 1282 me
1000 1237 1062 1282 ita
1086 1236 1375 1283 contumeliis
1394 1236 1523 1295 affici,
1543 1237 1762 1301 quoniam

135 1311 244 1375 ipse
261 1312 435 1359 viderat
459 1329 531 1358 me
555 1313 689 1358 etiam
715 1329 740 1357 a
763 1328 905 1375 puero
930 1311 1054 1374 ligno
1087 1311 1292 1357 similiter
1318 1328 1583 1374 percussum
1607 1309 1760 1360 fuisse.

137 1385 271 1434 Haec
295 1403 399 1433 cum
425 1386 621 1433 audisset
643 1385 928 1443 castellanus,
960 1401 1126 1449 magna
1158 1384 1401 1432 uidebatur
1426 1385 1566 1432 teneri
1592 1386 1762 1433 miseri-

134 1461 301 1519 cordia,
326 1473 371 1507 et
393 1461 546 1507 statim
571 1461 698 1507 iussit
722 1477 917 1524 puerum
934 1459 1059 1506 illum
1082 1460 1299 1524 perquiri,
1325 1472 1376 1506 ut
1400 1460 1540 1523 uirgis
1564 1460 1761 1507 maxime

133 1535 386 1591 cederetur;
418 1536 497 1582 sed
529 1552 762 1599 nunquam
794 1534 999 1581 inuenire
1030 1546 1295 1598 potuerunt,
1332 1534 1438 1598 Ego
1468 1535 1525 1582 de
1550 1535 1631 1581 hac
1654 1535 1759 1581 dili-

133 1610 286 1672 gentia
318 1609 424 1655 nihil
458 1609 744 1666 audiueram,
775 1609 854 1656 sed
889 1608 1026 1672 paulo
1056 1621 1162 1672 post
1194 1608 1288 1672 ipse
1317 1607 1584 1655 castellanus
1621 1609 1760 1666 dixit3

132 1678 202 1730 cui
227 1683 440 1747 respondi
467 1701 558 1730 non
582 1696 794 1748 oportere
819 1683 927 1731 haec
952 1683 1008 1730 ab
1032 1700 1086 1730 eo
1103 1683 1300 1730 multum
1324 1684 1486 1741 curari,
1506 1701 1611 1730 cum
1631 1685 1758 1748 pueri

132 1769 290 1805 essent.
324 1759 463 1806 Nunc
494 1770 646 1806 tamen
678 1759 823 1806 mauri
854 1770 898 1805 et
919 1758 1051 1825 judei
1082 1758 1301 1805 maiorem
1333 1775 1471 1823 quam
1503 1769 1634 1806 antea
1670 1759 1759 1806 mei

133 1833 355 1880 rationem
382 1833 563 1880 habent.

198 1906 362 1954 Xarife
385 1925 454 1955 res
477 1908 609 1956 ualde
633 1925 875 1972 prosperae
899 1907 1158 1955 succedunt.
1187 1907 1241 1954 In
1266 1906 1493 1954 dominica
1515 1907 1635 1953 enim
1662 1907 1757 1971 pal-

133 1999 326 2041 marum,
343 2000 436 2047 quo
456 1993 662 2047 tempore
680 1983 926 2030 dicebatur:
948 1982 1159 2028 Attollite
1179 1993 1346 2046 portaS‚
1366 1999 1444 2028 sex
1461 1999 1585 2028 carra
1603 1994 1758 2046 portas

131 2057 326 2104 ciuitatis
345 2058 589 2117 intrarunt,
611 2074 774 2121 magna
792 2075 913 2116 sane,
934 2074 1136 2121 auroque
1154 2068 1198 2104 et
1215 2067 1405 2121 argento
1425 2056 1570 2121 plena,
1589 2074 1754 2104 vnum-

132 2147 365 2196 quemque
396 2149 504 2178 vero
530 2145 634 2179 octo
664 2132 807 2179 boues
834 2131 1087 2190 trahebant,
1119 2143 1164 2178 et
1193 2148 1218 2178 a
1259 2145 1319 2194 50
1358 2131 1636 2188 hominibus,
1676 2132 1755 2195 qui

131 2203 289 2252 funem
314 2223 441 2252 carro
472 2206 705 2271 alligatum
740 2207 1196 2270 comprehenderant,
1229 2207 1287 2253 ad
1320 2206 1594 2252 trahendum
1626 2205 1754 2252 iuua-

133 2279 314 2340 bantur‚
339 2298 446 2345 prae
473 2281 612 2328 nimio
637 2298 874 2346 capsarum
900 2282 1117 2344 pondere,
1142 2297 1258 2345 quae
1283 2279 1342 2327 ibi
1367 2292 1495 2327 erant
1526 2297 1636 2326 auro
1660 2280 1753 2344 ple-

131 2370 228 2402 nae.
262 2354 314 2400 In
349 2355 553 2419 quolibet
576 2355 711 2403 etiam
748 2372 877 2402 carro
915 2367 1004 2402 tres
1040 2355 1224 2419 captiui,
1254 2355 1482 2416 iidemque
1506 2355 1751 2414 christiani,

129 2427 426 2477 ducebantur.
454 2429 564 2476 Hoc
589 2430 786 2494 denique
810 2429 1115 2493 spectaculum
1143 2442 1236 2476 tam
1263 2429 1557 2494 magnificum
1577 2427 1680 2487 fuit,
1700 2441 1752 2476 vt

129 2503 383 2565 oportuerit
408 2515 583 2567 partem
611 2505 728 2550 muri
753 2505 878 2550 iuxta
903 2517 1082 2567 portam
1114 2504 1258 2561 dciici,
1284 2522 1399 2568 quae
1431 2515 1524 2549 tam
1560 2520 1751 2567 magnos

129 2593 281 2623 carros
306 2594 397 2623 non
421 2578 637 2641 capiebat:
665 2590 820 2641 postea
846 2596 954 2624 uero
978 2579 1167 2625 eandem
1194 2580 1576 2642 redintegrarunt.

195 2651 323 2713 Quid
346 2651 492 2697 dicam
518 2652 574 2698 de
597 2652 691 2698 eius
713 2652 990 2711 crudelitate,
1016 2653 1061 2698 in
1086 2669 1175 2716 qua
1201 2670 1255 2698 ne
1280 2653 1348 2698 uel
1371 2670 1394 2698 a
1415 2652 1598 2697 Nerone
1617 2668 1750 2714 supe-

130 2735 269 2781 ratur;
294 2724 381 2771 leui
406 2725 528 2772 enim
552 2743 684 2772 causa
706 2726 833 2773 iubet
864 2727 1062 2790 aliquem
1091 2727 1333 2784 excoriari,
1363 2726 1503 2789 uirgis
1533 2726 1645 2782 cedi,
1677 2725 1748 2772 alii

127 2811 265 2862 caput
288 2799 566 2858 obtruncari,
592 2811 906 2864 praeterquam
932 2802 1058 2865 quod
1085 2802 1238 2848 multis
1259 2801 1352 2847 aliis
1369 2800 1515 2846 modis
1533 2800 1578 2846 in
1599 2800 1748 2846 homi-

129 2890 205 2920 nes
228 2874 289 2920 ita
313 2874 441 2922 seuit.
474 2874 752 2921 Mulieribus
783 2875 924 2922 domo
952 2875 1072 2922 exire
1108 2893 1200 2922 non
1232 2875 1347 2933 licet,
1374 2874 1454 2920 nisi
1484 2874 1573 2920 sint
1604 2885 1746 2920 aetate

179 3045 192 3071 ¹
249 3046 340 3085 Erat
359 3048 530 3096 Ignatius
549 3048 728 3095 Vogado‚
750 3048 879 3086 socius
899 3048 954 3085 rei
975 3049 1210 3087 domesticae
1232 3051 1420 3096 addictus,
1437 3050 1496 3086 vir
1515 3049 1626 3096 plane
1648 3048 1746 3096 opti-

126 3120 222 3157 mus,
243 3111 290 3148 de
311 3122 385 3158 quo
406 3117 523 3159 agunt
546 3108 679 3161 Epist.
700 3108 880 3158 Mixtae,
902 3117 927 3148 t.
950 3121 990 3158 11,
1011 3124 1097 3160 pag.
1119 3124 1307 3162 492-494.

249 3192 422 3223 Eris-rom
445 3193 598 3231 Minu,
622 3203 704 3224 Tou.
728 3203 758 3223 v.
1580 3201 1622 3230 44
