1982 3516
685 294 734 337 23
764 293 1014 325 SEPTEMssms
1046 297 1060 323 1
1070 282 1144 336 556
1598 294 1675 334 449

99 391 304 439 ciosiach'
321 391 366 437 in
384 391 456 438 cio
474 390 590 439 facio
610 392 651 438 la
669 404 795 439 santa
813 392 1090 439 obedientia:
1111 391 1150 437 la
1168 389 1475 437 consolatione
1494 400 1539 436 et
1555 406 1728 436 recrea-

99 466 220 512 tione
253 468 503 531 procuraro
540 466 771 513 ricercarla
807 466 924 513 nella
965 466 1158 512 volunta
1199 464 1270 512 del
1313 464 1504 528 Signore
1538 475 1582 510 et
1614 463 1731 510 della

99 551 224 586 santa
248 539 521 589 vbedientia.

166 614 369 676 Quando
411 613 470 662 V.
505 614 555 661 P.
591 614 811 662 mandassi
846 615 940 661 dar’
962 613 1125 661 ordine
1157 612 1240 659 che
1273 612 1332 658 mi
1366 610 1475 658 fussi
1519 611 1732 662 mandata

101 687 291 752 qualche
316 699 438 735 veste
463 689 532 752 pel
569 687 748 748 freddo,
781 689 959 735 almeno
990 699 1182 743 sottana,
1216 687 1450 733 accettaria
1482 685 1521 731 la
1553 686 1731 732 elemo-

102 762 211 819 sina3
236 773 418 809 etanco
442 779 523 826 per
541 764 726 810 Andrea
750 780 840 810 vna
867 774 987 809 veste
1006 778 1160 825 grossa
1183 772 1228 806 et
1252 760 1444 824 qualche
1468 760 1631 806 camisa
1651 777 1732 823 per

102 853 214 895 esse,
238 852 285 883 se
307 854 356 883 ce
381 838 450 884 ne.

161 910 232 956 -Di
257 927 348 974 qua
373 927 464 957 non
490 911 727 975 uogliaron
759 910 930 975 portar'
951 910 1106 956 lettere
1132 909 1157 955 li
1190 909 1430 966 mulatieri,
1464 926 1538 955 ma
1560 909 1597 954 si
1627 908 1731 955 ben’

102 983 288 1046 portarli
320 985 364 1031 di
397 985 550 1031 Roma
581 986 626 1032 in
656 1002 765 1050 qua;
790 996 835 1032 et
867 987 977 1048 pero
1003 985 1124 1031 harei
1154 1002 1179 1030 a
1212 1001 1317 1030 caro
1347 984 1429 1030 che
1460 982 1500 1028 la
1530 983 1583 1030 P.
1611 983 1667 1028 V.
1694 982 1732 1028 ci

103 1058 325 1105 mandassi
352 1059 541 1123 qualche
572 1060 696 1106 uolta
730 1059 950 1106 consolar'
971 1075 1058 1106 con
1091 1059 1279 1123 qualche
1316 1058 1486 1105 lettera.
1526 1058 1588 1104 Et
1618 1057 1734 1103 altro

102 1149 194 1178 non
219 1134 489 1190 accadend0‚
514 1136 684 1181 restara
707 1134 1007 1181 humilmente
1032 1134 1411 1180 raccomandarne
1434 1132 1516 1178 alle
1538 1132 1733 1178 orationi

102 1220 147 1254 et
187 1209 302 1254 santi
333 1209 546 1271 sacrifitij.
578 1209 641 1255 Di
674 1209 854 1255 Amelia
889 1224 944 1269 23
979 1209 1023 1255 di
1054 1207 1306 1254 Settembre
1339 1207 1480 1270 1556.
1510 1207 1569 1253 D.
1598 1206 1654 1253 V.
1683 1206 1735 1254 P.

102 1282 303 1345 indegno
327 1299 461 1329 seruo
486 1283 531 1329 in
555 1283 667 1343 Jesu
693 1281 790 1340 X.⁰‚
815 1295 859 1329 et
885 1284 1033 1329 minor
1058 1282 1277 1346 figliuolo,

926 1366 1170 1412 MICHAEL
1207 1365 1505 1412 Bo‘rTEGmo.

850 1543 875 1576 1
887 1542 985 1578 182

692 1629 890 1683 DOIMUS
920 1629 1143 1665 NAUCIUS

426 1715 636 1761 PATRI
671 1715 925 1775 JOANNI
964 1716 1059 1763 DE
1096 1715 1420 1762 POLANCO

571 1798 723 1828 AMEmA
751 1802 801 1841 23
832 1802 1083 1828 SEPTEMBms
1114 1791 1215 1840 1556
1245 1789 1272 1828 ¹.

106 1878 339 1915 Benevolum
380 1880 550 1916 animum
589 1881 1006 1918 ostendit.—Sororem
1045 1882 1177 1917 laudat
1216 1885 1252 1916 et
1292 1884 1489 1927 nepotem,
1531 1879 1737 1916 Societatis

823 1949 1010 1980 amantes

175 2046 299 2094 Rdo.
327 2046 461 2093 Padr’
483 2048 527 2093 in
553 2047 636 2095 X.⁰
660 2048 715 2094 In
740 2061 945 2111 resposta
967 2048 1084 2095 della
1107 2065 1187 2094 sua
1211 2047 1325 2094 circa
1348 2046 1464 2093 della
1497 2062 1612 2102 casa,
1643 2062 1735 2090 non

106 2119 309 2177 mia,'ma
335 2132 501 2178 nostra,
526 2122 620 2168 selli
646 2121 690 2169 fa
716 2123 966 2181 intendare,
994 2124 1076 2169 che
1103 2123 1191 2169 mia
1209 2121 1370 2168 sorella
1388 2133 1434 2167 et
1453 2120 1545 2166 mio
1582 2119 1736 2182 nipote

104 2211 250 2241 sonno
273 2194 499 2242 conformi
523 2213 611 2242 con
634 2196 675 2243 la
700 2197 888 2243 uolonta
914 2198 1018 2254 mia,
1042 2209 1087 2243 et
1112 2198 1266 2243 hanno
1293 2197 1373 2260 piu
1397 2195 1556 2258 spirito
1575 2194 1619 2240 di
1647 2210 1734 2251 me,

104 2281 149 2315 et
178 2269 259 2334 piu
292 2269 517 2316 desiderio
547 2270 604 2318 de
635 2272 792 2317 seruir'
814 2272 898 2318 alla
926 2271 1235 2335 Compagnia:
1265 2283 1311 2317 et
1335 2270 1425 2316 mia
1451 2268 1617 2315 sorella
1641 2268 1665 2313 e
1697 2267 1737 2312 la

104 2345 410 2408 procuratrice
430 2362 610 2408 apresso
630 2346 675 2393 di
695 2360 854 2411 queste
874 2348 1027 2394 donne
1046 2346 1187 2393 nobili
1206 2358 1252 2392 et
1271 2345 1432 2403 ricche,
1452 2344 1534 2390 che
1560 2341 1736 2388 faccino

104 2419 218 2466 delle
242 2419 484 2467 elemosine
507 2438 531 2466 a
556 2421 602 2468 S.
630 2422 829 2482 Angelo.
857 2423 989 2468 Circa
1013 2421 1128 2468 delle
1153 2420 1423 2485 possessioni
1454 2437 1478 2464 e
1508 2418 1624 2465 delle
1658 2434 1735 2462 en—

105 2504 235 2551 trate,
260 2511 352 2540 non
375 2495 472 2541 celli
498 2495 685 2554 tolleria‚
705 2497 871 2560 perche
893 2515 948 2543 ne
973 2497 1165 2544 uiuono:
1186 2508 1231 2543 et
1255 2514 1311 2543 ne
1333 2495 1473 2542 fanno
1492 2493 1735 2540 elemosine

105 2569 150 2615 in
177 2568 296 2615 bona
321 2581 466 2632 parte,
490 2570 573 2617 che
589 2571 627 2617 le
642 2571 915 2634 dispensano
935 2573 1047 2619 bene
1063 2572 1122 2618 ad
1141 2571 1303 2617 honor'
1323 2570 1394 2617 del
1413 2570 1596 2632 signore
1618 2567 1733 2623 Idio;

108 2660 182 2689 ma
199 2643 238 2689 el
258 2644 349 2690 mio
369 2655 642 2692 testamento
660 2647 880 2703 contiene‚
900 2647 982 2693 che
1002 2647 1115 2693 lasso
1140 2647 1292 2693 heredi
1310 2646 1350 2692 la
1367 2644 1528 2692 sorella
1551 2643 1619 2689 col
1642 2643 1734 2688 mio

109 2717 280 2781 nipote,
312 2719 383 2764 alli
414 2719 535 2782 quali
566 2721 824 2767 sustituisco
857 2721 894 2767 el
930 2721 1122 2784 collegio
1156 2722 1213 2767 de
1242 2733 1371 2766 santo
1402 2718 1585 2782 Angelo
1618 2716 1735 2764 della

109 2794 217 2839 citta
247 2794 303 2839 de
337 2794 530 2841 Amelia.
564 2795 768 2857 Quando
799 2796 859 2844 V.
892 2797 950 2843 R.
988 2797 1171 2854 uenerai,
1202 2796 1236 2842 si
1257 2797 1390 2859 potra
1411 2794 1579 2857 meglio
1607 2792 1734 2838 risol-

110 2885 230 2924 uere,
255 2868 338 2913 che
383 2885 465 2930 per
489 2870 643 2915 lettere
669 2888 763 2917 non
786 2871 819 2917 si
849 2874 941 2934 puo
970 2871 1083 2917 bene
1106 2871 1360 2934 exprimere
1397 2869 1426 2915 il
1452 2878 1587 2914 tutto.
1608 2867 1735 2912 Biso-

110 2958 260 3004 gnaua
282 2941 379 2987 chel
407 2942 511 2989 Pisa
531 2942 547 2968 ²
570 2942 688 2991 fosse
712 2957 877 2992 restato
897 2946 974 3009 qui
995 2962 1074 3008 per
1097 2945 1137 2991 la
1152 2962 1231 2991 sua
1249 2945 1392 2990 sanita
1408 2955 1452 2989 et
1471 2959 1550 3006 per
1565 2942 1591 2988 il
1609 2958 1735 2987 com-

163 3086 175 3111 ¹
234 3088 288 3125 Ex
309 3091 548 3137 autographo
569 3092 607 3127 in
628 3093 703 3129 vol.
725 3093 766 3139 F,
788 3093 902 3130 unico
926 3093 1030 3139 folio,
1052 3104 1088 3130 n.
1113 3102 1200 3140 172,
1222 3093 1326 3139 prius
1350 3102 1410 3128 22.

161 3148 179 3175 ²
233 3152 271 3189 P.
294 3154 521 3199 Alphonsus
541 3155 587 3191 de
607 3155 705 3193 Pisa.

233 3233 407 3264 Eme-rozaz
432 3235 584 3274 Mixa-At,
611 3245 693 3268 TOM.
719 3247 747 3267 v.
1574 3239 1611 3271 Ζ9
