2008 3510
291 255 369 307 476
758 253 996 294 EPISTOLAE
1024 255 1355 307 M1XTAE—1197

240 362 478 426 Adunque
504 360 680 424 pararia
705 360 829 407 bono
854 359 924 407 far
947 361 992 408 di
1018 362 1164 426 questi
1190 362 1280 409 due
1304 379 1405 409 cose
1427 379 1536 410 una:
1564 362 1715 426 primo
1739 363 1779 420 e,
1806 363 1872 426 pi-

239 437 351 500 gliar
375 437 504 481 alcun
531 447 688 499 tempo
714 434 846 482 fuora
861 436 905 482 in
927 435 1039 482 altra
1058 436 1241 494 chiesia3
1262 437 1477 494 secundo,
1497 437 1529 483 si
1553 454 1643 482 non
1665 454 1874 500 pensasse

241 511 300 558 V.
331 511 391 557 R.
417 510 462 557 di
488 527 607 556 esser
632 522 790 574 questa
820 527 923 556 cosa
954 510 1122 568 buona,
1157 523 1308 558 mutar
1339 511 1380 558 la
1408 512 1518 558 hora
1549 512 1666 558 della
1691 513 1874 574 predica

240 586 284 632 in
311 596 464 631 nostra
488 585 648 641 chiesa,
668 595 713 630 et
739 584 946 648 predicar
971 585 1009 630 la
1031 585 1222 631 mattina
1245 603 1269 631 a
1295 586 1322 632 6
1349 586 1472 642 hore,
1495 603 1587 632 non
1613 585 1698 632 sub
1722 586 1875 633 officio

240 661 421 718 missae3
447 662 541 706 cosi
567 662 702 707 credo
731 661 942 724 potriano
965 661 1092 707 uenir
1119 662 1213 724 piu.
1238 661 1299 708 V.
1331 662 1390 708 R.
1418 662 1453 707 si
1472 663 1622 725 degna
1647 662 1692 708 di
1719 661 1875 708 rescri-

243 753 349 782 uere
373 747 528 799 presto
553 735 829 782 resolutione
854 753 991 799 supra
1016 747 1195 799 questo.

309 811 586 857 Undecimo:
610 811 670 856 mi
692 810 866 874 pararia
885 810 999 856 bene
1017 811 1099 856 che
1118 811 1280 856 nisuno
1298 810 1341 857 di
1363 827 1461 857 casa
1479 809 1729 857 exhortassi
1749 809 1877 874 qual-

242 885 434 949 siuoglia
459 902 653 948 persona
678 902 757 949 per
781 897 932 931 entrar
954 885 992 931 la
1012 885 1317 949 Compagnia,
1342 902 1387 931 se
1409 902 1499 931 non
1519 885 1665 948 prima
1690 884 1875 948 parlassi

243 976 378 1022 sopra
396 959 465 1005 cio
491 977 519 1005 o
544 958 583 1005 al
608 959 840 1022 superiore
865 976 893 1004 o
918 959 1141 1022 deputato
1165 959 1209 1006 di
1236 976 1350 1017 esso,
1373 958 1400 1004 l'
1420 959 1552 1023 quale
1576 959 1744 1005 hauera
1769 960 1878 1005 cura

244 1035 300 1081 de
324 1034 535 1097 explorar
561 1034 708 1097 prima
736 1033 774 1079 la
798 1033 1105 1097 despositione
1130 1051 1223 1090 sua,
1255 1034 1384 1080 dotes
1410 1034 1614 1096 corporis
1646 1045 1690 1079 et
1722 1033 1875 1089 animi3

243 1120 288 1155 et
318 1109 408 1171 poi,
437 1125 483 1154 se
507 1107 535 1154 il
567 1108 788 1171 superior,
814 1125 897 1171 per
927 1108 1155 1172 conseglio
1187 1108 1231 1154 di
1264 1107 1379 1164 altri,
1399 1108 1630 1171 giudicara
1663 1107 1707 1154 d’
1729 1107 1875 1154 esset-li

242 1182 526 1246 expediente,
553 1182 698 1229 laxare
717 1195 811 1228 rete
832 1182 843 1207 ¹
871 1183 914 1228 in
937 1183 1120 1229 nomine
1141 1183 1352 1242 Domini,
1380 1200 1484 1228 cum
1503 1182 1603 1228 zelo
1624 1183 1876 1229 secundum

244 1257 475 1303 scientiam
508 1255 543 1313 2;
569 1269 614 1303 et
638 1269 800 1321 questo
825 1257 927 1303 dico
954 1274 1044 1303 non
1070 1257 1164 1303 sine
1189 1274 1337 1304 causa.
1368 1257 1541 1303 Perche
1580 1256 1664 1319 [se]
1701 1273 1761 1302 un
1788 1254 1878 1302 fra-

245 1330 350 1375 tello
385 1330 550 1393 potessi
586 1331 801 1376 exhortar
834 1347 928 1375 uno
964 1330 1048 1375 alla
1088 1329 1380 1392 Compagnia
1414 1341 1458 1375 et
1494 1327 1592 1375 farli
1628 1329 1879 1391 desponere

244 1404 360 1450 delle
386 1421 465 1450 sue
490 1421 607 1462 cose,
634 1416 679 1450 et
707 1404 916 1450 uenendo
942 1416 1104 1467 questo
1130 1404 1167 1449 al
1197 1404 1419 1466 superior,
1446 1402 1563 1449 fosse
1588 1403 1603 1427 ³
1634 1404 1805 1466 inepto,
1835 1414 1881 1448 et

246 1494 341 1525 non
374 1478 549 1524 hauessi
581 1478 622 1524 le
653 1491 779 1541 parte
810 1496 834 1524 a
867 1479 924 1524 tal
959 1480 1191 1542 impressa,
1234 1479 1368 1524 huius
1405 1478 1603 1524 hominis
1635 1478 1882 1523 nouissima

246 1554 407 1600 fierent
438 1553 591 1617 peiora
623 1554 853 1617 prioribus
902 1553 928 1600 ⁴.
977 1554 1150 1600 Perche
1194 1571 1284 1600 non
1325 1554 1572 1600 uolendolo
1604 1552 1619 1577 ⁵
1657 1569 1881 1610 receuere,

247 1626 359 1674 faria
383 1627 600 1684 tumulto,
634 1640 679 1673 et
702 1628 974 1674 cominceria
1000 1626 1195 1674 infamat
1225 1627 1240 1651 ⁶
1279 1627 1319 1673 la
1352 1627 1642 1691 Compagnia
1664 1626 1780 1674 della
1813 1627 1881 1672 in-

247 1702 501 1749 constantia
527 1701 636 1748 loro.

313 1776 627 1824 Duodecimo:
654 1793 735 1840 per
758 1793 911 1822 seruat·
938 1776 1089 1840 meglo
1113 1787 1275 1840 questo
1302 1787 1346 1822 et
1378 1775 1488 1821 altre
1512 1792 1613 1821 cose
1644 1775 1690 1821 in
1721 1785 1882 1839 questo

249 1850 460 1914 collegio,
500 1867 677 1896 seramo
715 1851 790 1916 doj
826 1851 911 1897 casi
948 1851 1031 1897 che
1065 1851 1210 1896 molto
1242 1849 1581 1907 aiutarebbeno,
1624 1849 1820 1896 secondo
1853 1848 1880 1894 il

251 1942 366 1988 poco
394 1925 485 1971 mio
521 1925 742 1988 giudicio:
770 1925 945 1988 primo,
970 1925 1053 1971 che
1084 1925 1112 1971 il
1139 1924 1389 1989 prouincial
1418 1924 1588 1970 hauessi
1615 1924 1691 1988 qui
1720 1940 1828 1980 uno,
1853 1922 1880 1969 il

251 1999 383 2063 quale
413 1999 459 2046 di
494 2010 613 2045 tutte
645 1999 684 2046 le
718 2016 820 2046 cose
851 1999 1078 2058 scriuessi,
1103 2016 1234 2045 come
1262 1999 1456 2057 sindico,
1496 1998 1606 2062 ogni
1641 2014 1761 2044 mese
1791 1998 1883 2044 due

252 2075 392 2133 nolte,
412 2091 436 2120 a
460 2091 541 2120 sua
565 2090 834 2131 reverenza,
861 2084 906 2120 et
932 2074 1072 2120 anche
1093 2075 1202 2138 ogni
1222 2073 1477 2131 settimane,
1502 2073 1535 2119 si
1562 2071 1748 2136 quando
1767 2069 1884 2117 fosse

258 2149 467 2213 bisogno;
487 2150 700 2206 secondo,
726 2147 902 2195 fussero
922 2149 1126 2212 deputati
1149 2161 1215 2195 tre
1239 2166 1268 2194 o
1292 2160 1456 2212 quatro
1480 2147 1525 2193 di
1552 2157 1709 2211 questa
1733 2162 1845 2202 casa,
1871 2147 1883 2191 i

252 2225 372 2289 quali
415 2237 647 2270 notassero
687 2225 699 2270 i
731 2222 889 2270 defetti
933 2225 978 2270 di
1019 2224 1286 2271 ciascaduna
1328 2239 1534 2286 persona,
1569 2234 1613 2268 et
1654 2221 1884 2267 tennendo

253 2299 443 2363 qualche
467 2298 592 2345 uolta
617 2298 730 2345 nelle
762 2299 1017 2356 settimana,
1048 2299 1318 2344 scriuessero
1345 2297 1491 2361 questi
1518 2295 1678 2343 defetti
1704 2295 1748 2342 di
1775 2295 1885 2341 cias-

253 2373 467 2420 cheduno
486 2371 501 2396 ⁷
521 2372 565 2418 in
587 2389 676 2418 una
696 2372 807 2430 lista,
833 2383 877 2418 et
896 2372 977 2418 che
997 2382 1156 2435 queste
1183 2371 1278 2417 liste
1304 2388 1327 2416 a
1345 2371 1557 2416 ciascuno
1581 2367 1760 2415 fussero
1784 2368 1884 2415 des-

254 2446 440 2493 tribuite
470 2446 578 2511 ogni
612 2446 851 2492 settimana
881 2463 905 2491 a
937 2446 1072 2510 quelli
1103 2446 1187 2492 che
1214 2446 1454 2491 hauessero
1485 2445 1564 2508 piu
1597 2444 1642 2491 di
1675 2444 1882 2506 bisogno.

255 2522 436 2583 Questo
461 2537 507 2566 se
532 2519 687 2566 faceua
712 2520 750 2566 al
783 2520 876 2566 mio
911 2532 1069 2583 tempo
1095 2520 1139 2566 in
1166 2520 1333 2576 Roma,
1358 2530 1403 2566 et
1426 2518 1538 2578 cosi,
1563 2518 1815 2565 reuerendo
1839 2516 1884 2562 in

378 2747 478 2784 Luc.
500 2755 540 2793 v,
563 2755 596 2794 5.

380 2810 443 2846 AD
465 2809 568 2846 ROM.
590 2816 630 2854 X,
653 2819 686 2844 2.

380 2872 450 2908 Ms.
461 2870 585 2922 fosse
604 2867 740 2908 saria.

381 2934 546 2971 MATTH.
567 2941 639 2979 XII,
660 2940 723 2980 45.

382 2996 454 3033 ΜΞ.
477 2993 549 3033 lui.

384 3060 456 3096 Ms.
480 3057 691 3108 z'nfiamar.

383 3123 455 3160 Ms.
476 3118 752 3162 ciascudamo.

308 2745 328 3146 dwOEss-wfflfi*
