2014 3528
299 242 375 283 288
765 241 999 283 Emsromss
1012 259 1017 262 ·
1028 242 1276 284 M1x1-AE-·-1
1287 258 1361 298 124

244 350 397 397 chuni.
429 349 464 395 Il
491 366 689 396 vescouo
715 349 894 396 interim
924 351 1084 398 diceua
1110 351 1157 398 di
1184 352 1310 398 voler
1342 353 1450 399 dare
1474 351 1501 398 il
1529 351 1777 399 necessario
1801 359 1875 399 su-¹

243 436 549 472 stentamento
569 441 650 487 per
674 425 808 489 quelli
835 425 917 472 che
942 426 1278 483 venerebbeno,
1302 426 1332 473 il
1357 427 1439 474 che
1463 426 1571 484 fece,
1597 426 1778 474 bench&
1796 444 1876 491 per

245 501 285 546 la
319 500 519 546 absentia
543 500 586 547 di
621 517 700 546 sua
732 500 930 563 signoria
964 501 1080 548 R.m³
1111 502 1208 547 sara
1238 501 1345 548 assai
1378 513 1527 558 tenue,
1565 518 1655 548 non
1687 503 1877 549 essendo

246 575 406 620 lassato
431 574 692 637 prouisione
717 574 923 631 alchuna,
944 575 978 620 si
1005 592 1094 621 non
1116 575 1235 622 dello
1256 576 1372 621 vitto
1393 576 1642 622 ordinario.
1666 576 1777 623 Cosi
1803 576 1875 622 alli

243 650 392 696 dodici
419 649 463 696 di
494 649 664 695 Marzo
693 661 869 712 passato
896 648 945 695 fu
972 651 1187 697 mandato
1216 650 1259 696 io
1284 650 1328 696 in
1354 662 1511 714 questa
1535 651 1622 696 cita
1646 667 1749 696 cum
1785 667 1876 696 vno

243 740 519 787 compagno,
550 734 596 770 et
627 736 759 770 stette
791 724 835 769 in
867 741 966 770 casa
1003 724 1074 770 del
1114 741 1310 771 vescouo
1349 725 1412 770 fin
1444 725 1515 770 alli
1549 725 1608 771 26
1640 724 1710 771 del
1742 724 1876 783 ditto,

244 799 407 862 partim
431 815 510 861 per
537 798 575 844 la
600 798 817 853 infirmita
837 798 909 845 del
932 798 1023 844 mio
1043 815 1316 862 compagno‚
1339 798 1380 844 lo
1400 799 1532 863 quale
1553 799 1728 845 haueua
1751 797 1877 845 febre

245 873 435 918 tertiana
461 889 542 936 per
580 872 758 918 alchuni
793 873 955 936 giorni,
989 873 1155 936 partim
1187 890 1268 937 ρει·
1301 890 1391 919 non
1427 873 1565 919 hauet·
1595 874 1877 920 commodita

243 947 287 994 di
314 958 431 993 stare
457 946 544 993 allo
571 947 669 993 loco
694 947 1001 994 determinato
1027 964 1107 1010 ρει·
1133 947 1176 993 10
1201 947 1410 1011 collegio,
1443 948 1732 1010 procurando
1763 948 1877 995 inte-

243 1022 330 1068 rim
362 1022 554 1068 alchune
584 1039 684 1068 cose
717 1022 977 1080 necessarie,
1016 1033 1060 1068 et
1093 1022 1370 1068 commensai
1404 1039 1428 1067 a
1459 1021 1555 1068 dire
1589 1022 1721 1068 missa
1751 1021 1809 1087 in·
1838 1022 1878 1069 la

243 1097 406 1143 chiesia
435 1097 734 1143 determinata
761 1115 840 1160 ρει·
866 1097 908 1142 10
933 1096 1138 1160 collegio,
1166 1107 1211 1142 et
1235 1095 1329 1142 fare
1361 1096 1540 1142 alchuni
1574 1097 1876 1144 admonitioni

245 1188 325 1234 ρει·
348 1170 590 1228 confessar,
619 1172 782 1234 perche
809 1173 883 1235 gia
908 1188 982 1218 era
1008 1171 1046 1216 la
1072 1171 1310 1217 settimana
1331 1170 1344 1196 ¹
1375 1170 1489 1217 della
1514 1171 1712 1234 pasione.

311 1245 403 1291 Alli
432 1246 490 1292 26
517 1246 561 1292 di
591 1247 764 1292 Mai-zo
790 1247 942 1292 arriuo
968 1263 991 1291 a
1014 1245 1203 1292 Catania
1229 1262 1308 1308 ρει·
1331 1245 1492 1292 ordine
1524 1246 1596 1292 del
1631 1246 1754 1294 Rd0.
1790 1246 1878 1293 Pa-

245 1320 326 1365 dre
352 1332 508 1366 nostro
528 1320 777 1384 prouincia}
800 1321 836 1366 el
858 1321 907 1367 P.
932 1321 1110 1367 Sanctio
1132 1337 1326 1367 nauarro
1342 1319 1358 1344 ²
1378 1337 1480 1366 cum
1505 1337 1596 1366 vno
1616 1337 1876 1384 compagno

247 1411 326 1457 per
350 1407 466 1440 stare
491 1395 534 1440 in
563 1395 768 1454 Catania,
794 1395 971 1442 intanto
996 1396 1077 1442 che
1102 1397 1146 1443 di
1174 1397 1276 1460 quel
1304 1409 1460 1460 tempo
1480 1396 1541 1442 fin
1564 1396 1651 1442 allo
1671 1407 1878 1459 presente

246 1469 390 1514 siamo
414 1469 523 1515 duoi
549 1471 768 1516 sacerdoti
795 1483 840 1516 et
865 1471 975 1517 duoi
1002 1470 1101 1517 altri
1127 1470 1370 1535 compagni
1399 1471 1523 1536 laijci.
1552 1472 1620 1518 La
1639 1472 1879 1518 settimana

243 1556 370 1589 santa
388 1556 432 1590 et
453 1561 532 1607 ρει·
552 1556 670 1591 tutta
692 1545 729 1590 la
750 1562 879 1608 pasca
900 1545 1096 1592 hauemo
1115 1547 1286 1592 hauuto
1304 1546 1348 1592 di
1368 1545 1597 1592 confessar
1615 1546 1754 1593 molte
1775 1564 1878 1610 per-

245 1636 353 1667 sone
377 1619 422 1664 di
447 1619 554 1682 ogni
581 1619 861 1679 conditione,
886 1620 967 1683 piu
996 1620 1078 1666 che
1110 1637 1198 1665 non
1233 1632 1480 1682 poteuamo
1513 1619 1728 1677 satisfare‚
1760 1621 1878 1667 oltra

244 1693 326 1739 che
345 1710 627 1756 sperauamo‚
655 1711 734 1757 ρει·
759 1711 902 1740 essere
927 1695 1021 1740 cosi
1050 1706 1323 1740 nouamente
1350 1695 1504 1740 venuti
1525 1706 1569 1740 et
1590 1711 1680 1741 non
1701 1694 1736 1741 si
1752 1711 1878 1758 sape-

246 1785 302 1814 ua
328 1769 452 1832 quasi
479 1769 523 1814 in
551 1770 588 1814 la
613 1770 700 1816 cita
726 1769 766 1815 la
792 1782 945 1816 nostra
969 1771 1208 1834 presentia,
1233 1770 1267 1816 si
1295 1787 1386 1816 non
1411 1772 1468 1816 da
1494 1771 1642 1833 pochi,
1668 1781 1713 1816 et
1740 1770 1876 1835 quelli

243 1844 325 1890 che
350 1844 384 1889 si
411 1861 548 1890 erano
567 1843 806 1891 confessati
831 1863 942 1892 cum·
961 1845 1050 1902 noi,
1076 1844 1105 1890 l'
1125 1845 1363 1892 andauano
1381 1845 1574 1892 dicendo
1593 1857 1637 1892 et
1657 1845 1877 1892 auisando

244 1919 301 1965 ad
326 1918 505 1964 alchuni
532 1918 631 1964 loro
657 1919 799 1966 amici.
827 1919 996 1978 Come,
1022 1919 1221 1966 secundo
1245 1919 1327 1965 che
1353 1919 1451 1965 loro
1475 1919 1710 1978 diceuano,
1736 1927 1877 1965 resto-

245 2010 359 2039 rono
407 1992 525 2039 della
572 1992 854 2040 confessione
903 1995 1046 2040 molto
1093 1993 1316 2052 satisfatti,
1365 2006 1689 2053 monstrauuano
1737 1994 1877 2041 hauet-

245 2067 404 2131 grand'
425 2068 578 2114 animo
604 2068 651 2114 di
677 2068 805 2114 voler
830 2068 1076 2132 adgiutarsi
1104 2086 1182 2134 per
1208 2079 1363 2114 metzo
1382 2068 1499 2115 della
1523 2066 1808 2114 confessione
1830 2078 1876 2114 et

244 2141 568 2187 communione
593 2140 846 2206 frequente,
874 2142 1046 2189 benche
1072 2159 1158 2189 con
1183 2143 1211 2188 l'
1232 2142 1390 2189 effetto
1415 2142 1476 2188 fin
1509 2143 1664 2189 adesso
1689 2159 1803 2205 poco
1832 2141 1875 2188 lo

245 2216 585 2272 demonstrano;
610 2228 654 2262 et
678 2217 736 2262 da
762 2217 908 2273 molti,
937 2217 962 2262 li
989 2217 1112 2281 quali
1139 2218 1376 2263 haueuano
1401 2227 1624 2279 proposto
1648 2216 1693 2263 di
1720 2228 1876 2262 tornar

245 2288 312 2334 fra
338 2288 364 2335 li
393 2290 591 2353 quindici
617 2290 789 2352 giomi,
816 2291 949 2354 pochi
976 2308 1089 2337 sono
1114 2291 1296 2337 tornati.

310 2363 381 2409 Lo
413 2363 568 2410 sabato
594 2377 724 2411 santo
755 2365 788 2411 si
821 2365 1030 2412 confesso
1067 2383 1172 2412 cum
1209 2366 1282 2411 noi
1316 2365 1344 2411 il
1375 2365 1532 2428 signor
1566 2340 1788 2411 Ernando
1818 2364 1875 2411 de

247 2436 427 2501 Vega,
397 2437 411 2462 ³
447 2437 514 2484 10
557 2438 688 2502 quale
728 2451 794 2484 sta
835 2439 879 2485 in
915 2441 1104 2487 Catania
1135 2440 1300 2486 vicario
1340 2451 1384 2485 et
1415 2439 1591 2502 capitan
1618 2438 1661 2484 d’
1679 2455 1803 2484 arma
1828 2438 1873 2484 in

247 2511 347 2557 loco
372 2512 416 2558 di
443 2512 484 2559 S.
514 2513 587 2570 E„
606 2526 650 2559 et
669 2514 823 2560 alhora
842 2515 874 2560 si
897 2515 1074 2561 haueua
1092 2515 1276 2561 redutto
1297 2513 1367 2559 nel
1389 2513 1663 2559 monasterio
1682 2513 1727 2559 di
1743 2523 1874 2558 santo

245 2586 507 2633 Dominico.
544 2587 648 2633 Alia
671 2600 828 2634 ottaua
852 2589 896 2635 di
923 2606 1051 2652 pasca
1083 2589 1111 2635 il
1139 2589 1242 2635 R.d0
1269 2588 1322 2636 P.
1349 2588 1503 2634 Santio
1527 2589 1818 2634 commenzio
1849 2604 1874 2633 a

298 2743 310 2768 ¹
367 2746 439 2783 Ms.
463 2747 548 2783 heic
569 2751 606 2783 et
625 2747 774 2794 deinde,
795 2744 1045 2786 settamana.

249 2820 269 2842 x
296 2806 312 2831 ²
369 2809 550 2845 Sanctius
574 2810 725 2856 Ochoa‚
751 2811 875 2856 patria
896 2820 1098 2854 navarrus,
1127 2809 1190 2856 qui
1219 2810 1540 2856 monteregalensi
1573 2810 1737 2857 collegio
1766 2820 1872 2856 prae-

243 2869 377 2908 fuerat.

251 2954 253 2957 ι
296 2930 311 2955 3
371 2933 659 2970 «Ferdinandus
693 2936 739 2971 de
770 2935 897 2980 νεεδ,
928 2935 1206 2982 primogenitus
1238 2935 1339 2970 filius
1369 2935 1601 2982 Pro—Regis,
1634 2935 1688 2971 illi
1724 2935 1870 2971 civitati

244 3001 435 3041 praeerat,
459 2999 781 3042 quemadmodum
805 2998 992 3034 Dominus
1020 2997 1182 3043 Suerus,
1203 2998 1327 3033 minor
1353 3002 1446 3033 natu
1474 2997 1600 3042 frater,
1626 2997 1867 3044 Syracusis.»

242 3058 448 3114 POLAJVCQ
473 3064 495 3097 t.
519 3069 576 3106 VI,
598 3071 685 3107 pag.
707 3071 796 3107 332,
819 3072 854 3097 n.
881 3061 1129 3109 1357.—Ille
1150 3071 1195 3097 ac
1215 3060 1434 3097 catanensis
1462 3060 1666 3106 episcopus
1694 3063 1871 3096 auctores

243 3121 354 3169 hujus
376 3123 528 3168 collegii
554 3122 713 3159 fuerunt.
1747 3133 1753 3140 ”
