2008 3510
334 252 412 291 594
798 237 1032 276 EPISTOLAE
1058 237 1390 288 M1x'rAE-1242

278 347 319 393 la
340 346 353 372 ¹
378 361 459 409 per
483 361 543 390 vn
568 353 695 406 prete
719 341 932 399 francese,
956 342 1084 390 detto
1107 343 1201 389 don
1227 342 1463 391 Guielmo:
1489 341 1629 390 credo
1654 343 1683 389 l'
1703 344 1905 393 habbiat't

275 429 498 467 receuuta.
528 418 821 464 Ritornando
845 418 890 464 di
912 417 1044 474 costi,
1064 416 1311 464 habbiamo
1331 418 1587 464 ministrato
1612 418 1640 464 li
1665 419 1904 467 santissimi

274 493 539 541 sacramenti
554 491 669 540 della
684 491 965 539 confessione
977 503 1023 539 et
1040 492 1519 540 communioneaforsi
1541 507 1613 556 50.
1637 495 1705 541 Le
1721 495 1910 542 schuole

275 585 389 614 sono
412 568 457 612 in
482 566 653 630 grande
678 576 910 624 ammento,
931 565 1129 612 maxime
1150 565 1189 611 la
1212 566 1257 612 d’
1279 566 1528 623 humanita3
1549 567 1738 626 benche‚
1759 585 1840 631 per
1864 568 1906 615 la

274 641 517 688 instabilita
547 640 593 686 di
624 651 783 703 questa
825 650 975 703 gente,
1010 656 1102 686 non
1132 640 1171 686 ci
1204 641 1528 703 promettiamo
1563 642 1708 689 molto
1739 643 1785 689 in
1815 643 1904 692 cie.

272 714 442 761 Alcuni
466 713 666 760 canonici
691 724 736 759 et
759 712 860 759 altri
883 712 958 760 del
982 713 1101 760 clero
1127 714 1356 761 mandano
1376 731 1435 760 vn
1462 714 1532 761 lor
1552 726 1679 779 prete
1698 733 1780 779 per
1796 733 1904 780 pro-

271 806 428 837 curare
455 789 513 835 de
542 788 736 834 ottener'
762 787 835 834 dal
860 787 1026 834 vicario
1058 788 1115 834 de
1148 788 1189 834 S.
1217 787 1276 845 S„
1306 806 1335 834 0
1365 789 1480 835 altro
1510 789 1592 836 che
1615 790 1685 836 εἰό
1710 801 1903 852 potesse,

270 864 447 911 licentia
470 864 515 910 di
539 879 720 927 posset-e
743 861 968 908 celebrare
999 878 1136 908 senza
1159 862 1242 909 che
1266 862 1565 910 incorressero
1589 881 1790 922 censura,
1815 882 1844 911 o
1867 864 1903 911 si

270 938 523 986 offendesse
555 937 597 984 la
629 938 821 983 volunta
856 936 902 983 di
941 936 1183 1000 superiori;
1209 948 1255 983 et
1295 947 1415 983 tutta
1445 937 1529 984 lor'
1549 937 1710 985 fidutia
1736 939 1780 996 ἐ,
1805 939 1903 986 chel

274 1013 327 1061 P.
353 1011 586 1059 Bobadilla
609 1011 804 1058 trattassi
837 1021 999 1074 questo
1030 1011 1236 1074 negotio,
1269 1011 1466 1074 perilche
1498 1011 1560 1075 gli
1591 1028 1904 1059 raccomman-

270 1086 425 1134 diamo
443 1086 593 1132 ancor’
611 1086 684 1132 noi
706 1102 731 1131 a
748 1085 810 1132 V.
832 1085 910 1143 R„
932 1101 977 1131 se
995 1085 1056 1149 gli
1081 1086 1239 1148 pat-era
1257 1087 1389 1132 esser'
1407 1086 1684 1149 espediente.
1707 1086 1765 1133 El
1783 1086 1904 1133 clero

271 1178 365 1208 non
389 1161 447 1207 ha
468 1160 715 1218 celebrato,
740 1177 821 1223 per
852 1160 893 1206 la
915 1177 1047 1207 causa
1070 1160 1140 1206 ch’
1160 1161 1203 1207 io
1234 1160 1337 1208 dissi
1369 1160 1558 1208 essendo
1590 1161 1727 1220 costi,
1759 1177 1903 1224 vsque

270 1236 316 1282 in
347 1246 627 1299 praesentem
659 1234 795 1292 diem,
826 1234 967 1281 dache
1001 1234 1044 1280 io
1077 1234 1215 1281 venni
1256 1234 1301 1280 in
1340 1235 1510 1282 Roma.
1550 1234 1731 1281 Benche
1772 1234 1900 1281 molti

270 1309 484 1373 uogliano
513 1309 597 1355 che
629 1308 746 1355 uada
777 1307 898 1366 cosi,
930 1307 1199 1371 quandoche
1230 1308 1367 1354 etiam
1398 1325 1491 1354 non
1521 1308 1556 1354 si
1586 1307 1905 1372 uergogniano

270 1384 435 1430 andare
468 1383 512 1429 in
543 1382 699 1428 habito
727 1381 937 1428 seculare.
971 1382 1034 1428 Et
1065 1393 1228 1446 questo
1253 1383 1277 1429 ἐ
1309 1399 1440 1428 causa
1469 1382 1551 1428 che
1583 1399 1674 1428 non
1707 1393 1830 1428 tutto
1860 1381 1900 1428 el

270 1457 390 1503 clero
414 1456 485 1503 ci&
513 1456 712 1519 procuri.
739 1455 926 1513 Aleum,
959 1456 1039 1518 piu
1072 1455 1272 1502 timorati
1306 1456 1351 1502 di
1375 1455 1495 1513 Idio,
1527 1472 1609 1501 son
1641 1455 1790 1519 questi
1818 1455 1899 1502 che

270 1531 499 1577 mandano
529 1541 710 1594 questo:
736 1529 915 1576 almeno
939 1529 1256 1592 impetrasset-0
1286 1530 1389 1586 che,
1414 1546 1494 1592 per
1523 1529 1564 1575 el
1595 1541 1795 1592 passato,
1820 1529 1900 1574 ha-

269 1606 422 1652 uendo
444 1604 669 1651 celebrato
693 1603 849 1662 coacti,
868 1620 960 1650 non
984 1619 1030 1649 se
1053 1602 1115 1666 gli
1140 1603 1390 1665 imputassi,
1409 1603 1492 1649 che
1515 1614 1698 1649 temeno
1722 1618 1803 1665 per
1827 1602 1902 1648 cic>

269 1679 429 1727 molto.
463 1679 601 1725 Altro
631 1695 726 1724 non
756 1677 819 1724 mi
847 1693 1030 1723 occorre
1066 1676 1160 1724 dar'
1182 1677 1307 1723 auiso
1331 1693 1356 1722 a
1386 1677 1444 1724 V.
1484 1677 1572 1724 R.:
1606 1676 1703 1722 solo
1732 1676 1899 1722 humil-

269 1764 422 1800 mente
454 1752 496 1799 la
517 1752 810 1816 preghiamo,
842 1751 877 1797 si
908 1750 1047 1815 degni
1078 1751 1438 1798 raccomandarci
1463 1750 1503 1797 al
1535 1751 1715 1814 signore
1745 1751 1791 1796 in
1821 1767 1901 1797 sue

269 1827 461 1874 orationi
501 1838 546 1873 et
585 1825 825 1872 santissimi
872 1824 1090 1890 sacrificij.
1136 1825 1213 1870 Da
1250 1824 1407 1871 Tiuoli
1444 1842 1470 1871 a
1512 1823 1660 1888 29'di
1701 1824 1898 1871 Decem-

270 1901 350 1948 bre
379 1902 514 1963 1556.
541 1901 604 1948 D.
630 1900 686 1946 V.
716 1900 780 1947 R.
807 1916 940 1946 seruo
965 1899 1188 1963 indegno,

1128 1990 1369 2036 LORENzo
1405 1990 1702 2037 CAUALIERI.

336 2111 586 2173 Inscriptio.-
624 2110 655 2170 †
691 2109 752 2155 Al
783 2108 927 2155 molto
951 2108 1072 2155 Rdo.
1100 2108 1146 2154 in
1169 2107 1252 2156 X.⁰
1277 2108 1443 2164 Padre,
1468 2108 1497 2154 il
1532 2108 1580 2154 P.
1612 2108 1760 2155 Mtro.
1788 2089 1899 2154 Gia-

271 2202 406 2232 como
444 2184 647 2247 Laynez,
678 2183 844 2230 vicario
877 2182 1085 2246 generale
1123 2182 1240 2229 della
1275 2182 1563 2246 Compagnia
1600 2182 1646 2228 di
1682 2181 1808 2238 Iesu,
1852 2181 1898 2227 in

272 2260 442 2306 Roma.

326 2431 340 2456 ¹
396 2433 434 2470 P.
463 2431 645 2469 Nicolaus
671 2430 718 2466 de
739 2429 940 2466 Bobadilla
965 2428 1105 2465 Tibure
1130 2431 1314 2465 aestatem
1340 2431 1595 2474 transegerat,
1622 2427 1724 2463 vires
1743 2436 1901 2473 reeupe-

273 2495 381 2531 randi
402 2495 536 2541 gratia.
