2008 3510
778 259 801 286 2
830 248 995 287 Arruns
1025 248 1121 287 1611
1616 246 1707 297 '817

203 353 453 415 Inscriptio.-
484 351 586 412 Jhs.
619 351 681 399 Al
713 369 823 416 muy
854 353 976 409 Rdo.
1007 369 1063 399 en
1094 353 1177 399 X.⁰
1208 351 1370 410 Padre,
1400 350 1441 397 el
1474 351 1524 398 P.
1561 349 1756 397 Manuel

139 425 316 489 Lopez,
340 436 488 473 rector
510 426 581 473 del
604 426 776 489 colegio
801 427 860 473 de
891 426 932 473 13
955 426 1216 490 Compafiia
1238 426 1295 472 de
1316 424 1476 485 Jesfis,
1500 441 1557 471 en
1582 423 1755 472 Alcala.

882 646 1021 680 1884

713 749 1016 786 BALTHASAR
1045 735 1192 784 P11³1As

483 853 694 899 PATRI
732 851 1056 900 GABRIELI
1093 850 1423 898 ALVAREZ

691 966 788 993 LIMA
817 966 839 993 2
869 965 1025 993 APRILIS
1057 954 1154 992 1611
1187 952 1216 993 ¹.

146 1070 268 1119 Quam
288 1072 441 1107 vivendi
463 1071 650 1108 rationem
671 1072 824 1108 inierint
843 1072 1072 1118 gandienses
1091 1071 1199 1117 socii,
1215 1071 1352 1117 priscis
1372 1070 1482 1107 istius
1503 1070 1657 1117 collegii
1673 1074 1765 1108 tem-

200 1133 695 1179 poribus.—Memorabilia
715 1134 760 1169 de
782 1134 1010 1180 quibusdam
1031 1133 1239 1178 sodalibus,
1261 1142 1357 1179 quos
1372 1132 1411 1168 P.
1432 1132 1548 1168 Pinas
1569 1133 1765 1178 cognovit.

201 1195 396 1242 Quaedam
418 1195 543 1232 minus
563 1199 654 1232 nota
673 1196 720 1231 de
739 1195 1004 1242 persecutione
1024 1198 1373 1242 caesaraugustana
1393 1194 1432 1230 in
1453 1193 1697 1232 Societatem.

211 1319 350 1366 Carta
377 1318 449 1365 del
482 1319 533 1365 P.
568 1318 768 1365 Baltasar
799 1319 934 1365 Pifias
963 1318 1121 1364 escrita
1151 1317 1287 1364 desde
1310 1316 1459 1373 Lima‚
1485 1331 1510 1363 2
1547 1316 1606 1363 de
1630 1315 1765 1363 Abril

147 1394 205 1440 de
237 1394 372 1452 1611,
399 1393 438 1439 al
466 1393 516 1440 P.
542 1392 754 1440 Grabriel
779 1392 997 1440 Albarez.

214 1467 321 1514 ((Ῡο
344 1465 472 1513 entre‘:
496 1483 553 1513 en
578 1466 618 1512 13
640 1465 900 1529 Compafiia
923 1465 962 1512 el
993 1481 1010 1511 1
1040 1465 1096 1512 de
1119 1465 1262 1525 Junio
1287 1464 1346 1511 de
1378 1477 1519 1525 1550,
1547 1464 1603 1511 de
1627 1464 1767 1511 modo

146 1556 234 1605 que
258 1540 351 1603 hoy
375 1540 432 1587 ha
464 1541 526 1586 60
559 1545 668 1587 afios
699 1558 728 1602 y
757 1540 908 1587 medio
939 1555 1028 1603 que
1063 1556 1197 1586 como
1229 1555 1319 1602 pan
1355 1554 1411 1584 en
1442 1537 1540 1585 ella.
1573 1537 1768 1585 Cuando

146 1615 274 1661 entre
298 1631 372 1660 era
395 1614 452 1661 de
477 1629 536 1662 22
561 1619 670 1661 afios
692 1615 749 1661 de
773 1613 910 1660 edad.
938 1613 1119 1659 Dentro
1144 1612 1201 1659 de
1226 1628 1367 1676 pocos
1390 1611 1490 1658 dias
1514 1628 1586 1657 me
1610 1612 1767 1658 envia-

148 1702 234 1733 ron
259 1688 284 1733 a
310 1686 494 1733 Gandia
518 1688 544 1733 a
568 1687 637 1733 oir
663 1686 702 1732 13
725 1685 937 1750 teologia.
973 1685 1073 1731 Alli
1105 1702 1151 1732 se
1180 1685 1331 1732 comia
1354 1701 1491 1748 poco,
1523 1702 1553 1747 y
1583 1701 1629 1731 se
1660 1686 1768 1732 dor-

146 1759 241 1806 mia
265 1776 439 1818 menos,
462 1777 491 1823 y
517 1778 562 1807 se
586 1760 819 1826 trabajaba
843 1759 1027 1816 mucho,
1052 1776 1082 1822 y
1106 1777 1153 1806 se
1178 1758 1354 1805 andava
1379 1760 1406 1805 3
1430 1757 1553 1804 buen
1577 1775 1686 1821 paso
1710 1775 1767 1805 en

146 1833 186 1879 el
210 1834 389 1880 camino
412 1833 469 1880 de
492 1833 533 1880 la
556 1832 828 1897 perfeccion,
853 1833 1093 1896 aspirando
1116 1833 1253 1880 todos
1277 1834 1303 1880 a
1325 1832 1428 1889 ella,
1454 1833 1479 1879 ὅ
1503 1832 1606 1879 iban
1635 1833 1770 1880 todos

148 1923 259 1969 muy
276 1917 524 1954 contentos.
547 1907 621 1954 En
641 1906 840 1971 aquellos
858 1907 1053 1970 tiempos
1071 1923 1127 1953 en
1147 1906 1332 1953 Gaudia
1351 1909 1448 1953 mas
1466 1923 1512 1953 se
1534 1906 1770 1953 estudiaba

148 1979 189 2025 13
207 1980 407 2043 teologia
431 1981 606 2027 mistica
629 1997 723 2044 que·
742 1980 782 2026 la
810 1980 1078 2028 escolastica.
1106 1981 1179 2028 En
1204 1980 1334 2045 aquel
1360 1981 1531 2044 tiempo
1556 1997 1616 2027 no
1639 1980 1769 2027 hubo

148 2054 511 2111 constituciones,
535 2054 634 2100 sino
658 2054 754 2100 solo
780 2054 916 2100 habia
939 2071 1053 2101 unas
1080 2071 1213 2118 pocas
1236 2055 1383 2118 reglas
1408 2071 1515 2118 para
1535 2054 1575 2100 13
1594 2054 1766 2101 comfin

148 2127 439 2174 observancia
466 2129 678 2188 exterior,
709 2145 736 2190 y
775 2145 922 2175 nunca
953 2145 1010 2175 se.
1039 2128 1218 2192 guard6
1250 2131 1348 2176 mas
1377 2139 1686 2174 exactamente
1726 2128 1765 2175 el

148 2202 358 2265 espiritu.

214 2275 312 2322 Alli
337 2293 410 2322 era
433 2286 580 2322 rector
603 2275 641 2322 el
667 2276 718 2323 P.
745 2276 931 2323 Andres
955 2276 1012 2323 de
1034 2276 1229 2323 Oviedo.
1252 2277 1331 2322 Yo
1356 2276 1507 2338 puedo
1531 2275 1654 2322 decir
1676 2291 1767 2338 que

149 2365 204 2395 en
232 2349 437 2396 santidad
461 2366 491 2412 y
514 2349 694 2396 caridad
719 2366 779 2396 no
802 2350 916 2396 debe
944 2360 1036 2396 este
1071 2350 1214 2397 Padre
1246 2350 1363 2396 nada
1392 2348 1431 2395 al
1463 2348 1516 2396 P.
1541 2348 1711 2408 Javier,
1736 2365 1765 2411 y

202 2527 216 2554 ¹
272 2529 329 2566 Ex
350 2530 537 2566 tabulario
557 2529 764 2575 valentino,
785 2530 865 2566 sive
890 2530 1082 2567 ‹Archivo
1101 2531 1258 2577 general
1279 2531 1325 2567 de
1343 2530 1541 2576 Valencia,
1562 2530 1766 2576 Propieda-

150 2592 218 2628 cles
245 2592 306 2628 del
332 2592 486 2638 Estado,
514 2593 639 2639 legajo
666 2602 716 2639 90
742 2589 765 2628 3
788 2603 852 2639 94,
879 2593 956 2630 vol.
982 2605 1046 2641 90,
1073 2603 1159 2639 pag.
1188 2601 1276 2641 523,
1303 2594 1532 2628 documento
1557 2602 1593 2628 n.
1621 2603 1658 2638 4,
1677 2603 1766 2640 pag.

149 2654 466 2701 49-60».—Haec
484 2654 659 2700 epistola,
679 2654 831 2690 tametsi
849 2654 990 2700 scripta
1009 2654 1079 2690 fuit
1099 2665 1198 2691 anno
1222 2655 1336 2699 1611,
1360 2665 1381 2690 a
1396 2653 1520 2699 nobis,
1542 2654 1765 2700 exceptione

151 2716 329 2763 quadam,
351 2716 484 2762 editur,
505 2720 707 2762 propterea
727 2716 829 2762 quod
849 2720 930 2753 tota
949 2717 987 2753 in
1007 2717 1245 2754 illustrandis
1266 2717 1451 2763 epistolis,
1468 2727 1564 2763 quae
1586 2716 1633 2752 de
1653 2717 1767 2754 rebus

149 2779 422 2825 gandiensibus
443 2782 481 2814 et
499 2779 853 2825 caesaraugustanis
872 2789 987 2825 supra
1011 2780 1160 2826 positae
1185 2784 1284 2825 sunt,
1312 2782 1495 2815 versatur.
1522 2777 1652 2815 Satius
1680 2789 1763 2815 esse

150 2841 328 2876 duximus
347 2851 431 2876 eam
453 2841 502 2876 ad
522 2841 667 2877 calcem
684 2841 802 2877 totius
821 2841 946 2887 operis
972 2841 1160 2888 integram
1185 2842 1352 2889 rejicere,
1380 2851 1494 2887 quam
1522 2841 1763 2877 membratim

150 2902 344 2938 concisam
370 2901 467 2937 inter
491 2902 738 2948 epistolarum
764 2903 1030 2939 annotationes
1056 2904 1295 2941 distribuere.
1324 2903 1492 2939 Exarata
1517 2913 1608 2939 vero
1634 2902 1704 2939 fuit
1724 2906 1761 2939 et

150 2963 189 2999 in
204 2963 430 3009 Hispaniam
446 2974 493 2999 ex
511 2964 690 3000 America
709 2965 943 3010 transmissa,
960 2969 1118 3011 rogante
1134 2966 1172 3003 P.
1191 2965 1368 3002 Gabriele
1385 2964 1563 3010 Alvarez,
1580 2974 1655 3010 quo
1671 2967 1767 3000 tem·

148 3034 242 3071 pore
262 3025 325 3060 hic
343 3024 542 3061 historiam
562 3025 782 3071 provinciae
798 3026 1014 3072 Aragoniae
1035 3025 1240 3064 Societatis
1259 3026 1350 3062 Jesu
1370 3029 1571 3062 contexere
1590 3025 1764 3071 parabat,

151 3086 199 3122 de
219 3096 294 3133 qua
314 3097 353 3122 re
373 3086 460 3122 vide
478 3083 614 3136 Epist.
634 3085 685 3123 M
687 3083 818 3131 ixtae,
838 3092 863 3124 t.
884 3097 930 3133 11,
950 3099 1036 3135 pag.
1060 3089 1150 3136 888,
1170 3089 1259 3137 889.

273 3167 449 3197 Ennoea:
471 3167 623 3206 Mirr-At,
647 3178 730 3200 τοΜ.
753 3179 783 3200 v.
900 3195 903 3198 Δ
1603 3175 1641 3208 52
