2066 3516
355 229 430 270 208
817 227 1054 269 EP1sToLAE
1081 227 1409 282 MxxTAE-—1098

302 337 614 401 pregandome
639 335 807 394 alcuni,
834 335 917 382 che
933 336 987 400 jo
1011 336 1184 382 andassi
1217 353 1242 382 a
1272 348 1387 382 stare
1420 337 1464 383 in
1496 353 1596 383 casa
1619 353 1699 383 sua
1716 375 1728 395 ‚
1753 349 1798 384 et
1821 336 1934 386 offe-

301 413 444 458 rendo
488 411 659 457 victum
693 420 738 456 et
769 411 1015 467 uestitum3
1045 422 1089 456 et
1125 410 1185 467 la,
1217 411 1336 457 doue
1377 421 1605 470 stauamo,
1648 412 1935 459 mandauano

303 485 430 532 molti
458 485 667 548 presenti.
697 485 760 531 Et
784 485 865 548 piu
891 485 1013 531 uolte
1037 485 1074 531 ci
1101 485 1256 531 hanno
1287 485 1603 549 importunato
1628 503 1708 550 per
1733 487 1872 551 hauer
1898 488 1938 534 la

301 560 431 622 copia
456 559 500 606 di
527 559 684 606 alcune
715 559 831 606 delle
863 559 1038 606 lettioni
1069 559 1356 607 ch'hauemo
1388 560 1531 619 fatto,
1564 562 1772 608 massime
1802 579 1937 627 sopra

303 634 329 679 il
356 650 497 697 segno
522 633 636 680 della
662 646 790 680 santa
813 651 958 693 croce,
983 646 1028 681 et
1052 651 1185 699 sopra
1204 635 1264 699 gli
1286 635 1457 682 articoli
1477 636 1593 683 della
1613 635 1729 695 fede,
1754 649 1798 684 et
1821 638 1938 685 della

301 709 590 766 contritione,
616 719 661 755 et
686 709 1003 772 preparatione
1029 708 1113 755 alla
1138 710 1479 758 communione.

368 783 420 830 Io
446 781 527 829 feci
556 799 644 829 vna
670 783 887 846 predicha
918 783 962 830 in
996 801 1089 831 vno
1114 784 1390 831 monasterio
1424 785 1468 832 di
1497 785 1738 843 monache,
1764 786 1884 833 doue
1908 786 1938 834 il

304 857 497 922 Signore
522 874 567 903 se
593 858 748 922 degno
774 859 932 905 darme
957 870 1084 914 tanto
1108 859 1283 922 spirito,
1308 859 1390 906 che
1406 876 1451 906 se
1470 876 1778 907 commossero
1803 877 1938 924 gran-

302 932 516 979 demente
543 931 580 978 le
607 932 852 990 monache,
878 932 1067 980 essendo
1093 931 1248 997 quello
1279 933 1557 980 monasterio
1589 945 1741 992 santo,
1768 945 1813 981 et
1846 951 1939 982 non

302 1005 452 1053 fecero
493 1007 610 1053 altro
643 1008 769 1071 quasi
805 1018 923 1054 tutta
963 1007 1114 1072 quella
1153 1007 1371 1071 predicha
1410 1025 1455 1055 se
1491 1025 1582 1066 non
1617 1008 1851 1073 piangere,
1893 1019 1940 1058 et

304 1082 428 1145 dipoi
458 1082 518 1128 mi
545 1080 595 1128 fu
627 1082 756 1129 detto
781 1082 826 1128 di
861 1082 1033 1146 grande
1063 1082 1312 1146 penitentia
1345 1082 1427 1129 che
1462 1081 1610 1130 fecero
1640 1083 1698 1130 da
1721 1100 1767 1131 se
1790 1083 1940 1148 quella

305 1167 433 1202 notte
457 1166 689 1220 seguente.

370 1229 409 1276 Il
435 1247 631 1277 vescouo
656 1230 712 1277 de
740 1230 777 1276 F
780 1230 901 1276 iesoli
928 1230 939 1255 ¹
965 1233 1098 1294 passo
1124 1247 1306 1295 apresso
1337 1231 1528 1278 Arezzo
1562 1232 1605 1278 in
1639 1232 1743 1296 quei
1775 1232 1940 1297 giorni,

305 1316 351 1352 et
375 1305 514 1352 intese
539 1305 608 1352 del
638 1317 794 1352 nostro
826 1306 1112 1369 predichare,
1144 1318 1188 1353 et
1222 1306 1299 1370 qui
1326 1306 1372 1352 in
1405 1305 1599 1352 Firenze
1625 1305 1652 1352 l'
1674 1306 1734 1352 ho
1758 1306 1941 1353 uisitato

311 1381 533 1444 (secondo
558 1381 619 1427 mi
646 1383 791 1445 prego
817 1381 862 1427 in
888 1382 1080 1428 Arezzo
1117 1381 1155 1427 la
1186 1381 1385 1445 signoria
1413 1381 1457 1427 di
1490 1397 1574 1427 suo
1605 1380 1767 1444 padre)
1801 1391 1847 1427 et
1876 1380 1941 1427 lui

306 1455 366 1501 mi
394 1456 449 1500 ha
474 1453 592 1501 fatto
626 1455 735 1501 assai
772 1453 1001 1518 proferte3
1033 1466 1078 1502 et
1110 1455 1322 1502 hauendo
1353 1454 1413 1500 lui
1448 1454 1698 1501 intentione
1732 1455 1777 1502 di
1808 1453 1942 1501 rifor-

307 1545 431 1575 mare
456 1528 484 1574 il
509 1545 594 1575 suo
618 1528 758 1586 clero,
792 1529 891 1575 dice
925 1529 1092 1576 uollere
1126 1529 1341 1575 chiamar'
1363 1528 1407 1574 in
1434 1528 1558 1574 aiuto
1588 1528 1633 1576 di
1659 1527 1796 1592 quelli
1825 1527 1942 1575 della

305 1601 604 1667 Compagnia.

373 1677 610 1724 Hauendo
635 1679 743 1725 dato
770 1677 809 1724 la
833 1679 1120 1725 communita
1138 1678 1183 1725 d'
1201 1679 1392 1724 Arezzo
1413 1678 1733 1724 commissione
1749 1694 1773 1724 a
1789 1695 1822 1737 4
1840 1694 1942 1741 per-

306 1769 438 1811 sone,
470 1769 494 1798 a
524 1753 594 1799 cio
625 1753 864 1817 deputate,
896 1770 978 1817 per
1008 1764 1165 1799 trouar
1194 1752 1335 1817 luogo
1368 1769 1449 1816 per
1479 1752 1625 1799 alcuni
1654 1752 1772 1799 della
1799 1752 1942 1799 Com-

306 1827 496 1891 pagnia‚
522 1844 656 1891 spero
686 1827 770 1874 che
799 1828 832 1874 si
864 1826 962 1874 fara
996 1827 1081 1874 tale
1113 1827 1396 1891 prouisione,
1430 1826 1513 1873 che
1545 1831 1799 1890 protranno
1824 1838 1941 1873 stare

311 1917 370 1961 14
394 1919 585 1965 persone
610 1902 656 1948 in
681 1902 809 1949 detto
834 1902 1044 1966 collegio,
1069 1901 1267 1949 secondo
1292 1901 1334 1947 la
1358 1901 1523 1947 intrata
1546 1901 1628 1947 che
1647 1918 1693 1947 se
1718 1900 1779 1965 gli
1808 1901 1940 1958 dara;

306 1989 351 2023 et
374 1993 507 2040 spero
531 1977 614 2023 che
639 1977 683 2023 in
709 1977 837 2031 detto
863 1976 1003 2040 luogo
1029 1976 1168 2023 habbi
1189 1977 1246 2023 da
1278 1974 1374 2022 fare
1400 1975 1704 2039 grandissimo
1729 1974 1876 2022 frutto
1900 1975 1941 2022 la

307 2052 609 2116 Compagnia‚
637 2052 864 2099 mediante
889 2051 917 2098 il
945 2050 1103 2097 fauore
1127 2052 1172 2098 di
1200 2050 1342 2098 Giesu
1369 2050 1566 2097 Christo.

372 2126 409 2172 Il
445 2126 706 2190 principalle
741 2126 786 2173 di
825 2126 970 2190 questi
996 2143 1029 2185 4
1051 2125 1257 2189 deputati
1295 2142 1340 2171 se
1375 2124 1553 2171 chiama
1589 2124 1668 2172 M.
1708 2117 1941 2188 Agostino

308 2201 514 2260 Ricouri‚
542 2202 570 2248 il
596 2201 727 2266 quale
751 2201 993 2265 cognobbe
1019 2201 1044 2248 ii
1072 2201 1124 2249 P.
1146 2200 1416 2264 Bouadiglia
1436 2198 1452 2224 2
1471 2200 1658 2264 quando
1677 2198 1870 2264 leggeua
1894 2199 1938 2246 in

255 2286 258 2291 '
307 2277 521 2335 Ancona,
550 2289 595 2322 et
619 2276 680 2340 gli
706 2277 730 2323 ὲ
759 2277 1087 2340 grandemente
1119 2275 1425 2331 affettionato,
1450 2286 1495 2321 et
1519 2274 1722 2321 desidera
1753 2291 1941 2338 sappere

306 2354 428 2397 doue
453 2352 486 2397 si
513 2351 689 2406 ritroui‚
714 2363 759 2397 et
782 2351 815 2397 si
843 2350 1142 2397 raccomanda
1169 2350 1277 2398 a·V.
1306 2350 1364 2396 R.
1402 2349 1450 2396 P.
1485 2362 1528 2395 et
1560 2366 1584 2394 a
1615 2349 1743 2395 detto
1777 2349 1939 2406 Padre‚

309 2436 354 2471 et
378 2425 449 2470 all'
475 2425 668 2472 orationi
693 2426 750 2472 de
775 2426 881 2471 tutti
908 2426 918 2471 i
945 2425 1071 2489 padri
1097 2437 1142 2471 et
1165 2423 1344 2471 fratelli.
1368 2424 1430 2470 Et
1448 2433 1723 2470 certamente
1745 2423 1769 2469 ὲ
1788 2423 1940 2486 degno

309 2500 391 2545 che
416 2517 462 2545 se
488 2498 687 2545 facciano
711 2499 903 2546 orationi
930 2499 1184 2563 particolari
1210 2515 1290 2562 per
1314 2498 1396 2555 lui,
1429 2498 1619 2544 essendo
1652 2508 1780 2544 tanto
1810 2497 1939 2544 affet-

307 2575 481 2619 tionato
505 2573 589 2619 alla
617 2574 920 2637 Compagnia,
946 2586 990 2620 et
1013 2574 1201 2620 essendo
1227 2573 1371 2619 molto
1403 2573 1623 2619 tribulato
1656 2572 1773 2619 dalla
1804 2573 1937 2620 dolo·

306 2665 408 2694 rosa
433 2661 478 2695 et
504 2649 752 2712 pericolosa
776 2648 1006 2696 infermita
1025 2649 1143 2696 della
1165 2648 1346 2706 renella,
1371 2649 1416 2694 in
1450 2648 1510 2694 tal
1543 2648 1703 2704 modo,
1736 2647 1819 2694 che
1845 2664 1937 2693 non

307 2740 352 2768 se
378 2724 472 2786 puo
499 2724 622 2787 quasi
651 2724 737 2770 mai
764 2723 962 2787 riposare
990 2724 1065 2770 un’
1091 2724 1215 2769 hora.
1244 2722 1330 2768 Lui
1359 2722 1382 2768 ἐ
1408 2733 1525 2769 stato
1559 2732 1861 2786 gouernatore
1891 2722 1936 2768 d'

305 2798 513 2845 Ancona.
553 2798 605 2844 Io
645 2815 786 2861 penso
826 2798 1058 2862 scriuergli
1097 2797 1238 2844 molte
1277 2797 1400 2843 uolte
1430 2809 1486 2852 ,et
1529 2796 1780 2860 mandargli
1822 2796 1938 2843 delle

307 2888 460 2918 nuoue
483 2873 566 2919 che
597 2873 634 2919 ci
669 2873 884 2920 mandera
917 2873 976 2921 V.
1005 2873 1067 2920 R.
1098 2873 1165 2929 P.;
1189 2883 1235 2918 et
1264 2871 1375 2918 hora
1401 2872 1461 2917 ho
1490 2881 1754 2934 comperato
1777 2888 1811 2929 4
1835 2869 1936 2917 libri

358 3039 372 3066 ¹
429 3043 563 3081 Petrus
585 3045 808 3094 Camajano.
830 3045 965 3093 GAMS,
985 3042 1131 3085 Series
1149 3041 1467 3096 Episcoporum.

358 3103 375 3130 ²
429 3107 468 3144 P.
489 3108 674 3146 Nicolaus
695 3109 909 3147 Bobadilla.
