2008 3510
629 264 762 303 Inossx
789 276 1066 304 PERSONARUM
1094 277 1150 304 ET
1178 278 1317 306 RERUM

184 370 449 416 Geronimico,
476 371 643 419 quidam,
672 371 765 422 813.

185 432 411 478 Gertrudes,
434 432 525 479 Sta„
547 432 637 471 601.

1626 268 1700 320 853

1065 372 1136 410 bus
1169 374 1370 420 expetitur,
1404 373 1500 424 458,
1535 385 1630 424 459,
1663 384 1754 425 495;

1063 435 1252 482 laudatur,
1274 435 1351 473 818
1373 441 1410 473 et
1429 448 1535 484 seqq.

187 495 374 531 Gerunda
392 492 591 545 (Gerona),
613 506 714 542 opp.,
738 495 942 533 Societatis
1014 495 1204 544 Godinho,
1232 498 1271 535 P.
1294 498 1539 546 Emmanuel,
1569 499 1607 536 S.
1628 499 1674 546 J.,
1704 467 1759 536 re-

247 557 492 604 gymnasium
506 558 611 604 cupit
626 558 834 604 instituere,
852 557 941 608 564,

248 619 338 669 565,
378 619 467 669 596,
503 630 592 669 597;
631 622 943 658 concionatorem

248 683 434 729 deposcit;
447 684 559 719 Pater
572 683 735 720 Estrada
749 685 946 721 orationes

248 745 375 791 habet,
398 745 488 794 716,
512 755 601 794 717.

189 806 316 852 Gesti,
330 807 369 843 P.
381 807 563 854 Joannes,
581 807 617 845 S.
633 809 652 845 J
657 836 679 852 .,
694 809 811 845 sociis
824 808 947 845 barci-

250 870 487 906 nonensibus
502 871 757 916 praepositus,
775 880 864 920 215;
886 881 948 906 ex-

249 931 381 977 primit
418 933 553 978 quales
590 932 729 969 fuerint
754 932 947 970 sodalium

249 1003 387 1029 sensus
418 994 456 1029 in
486 996 599 1030 beata
630 995 768 1041 Ignatii
811 998 947 1041 morte,

249 1054 341 1104 458;
387 1056 499 1103 hujus
537 1067 717 1102 praesens
763 1057 949 1093 auxilium

252 1117 553 1155 barcinonenses
583 1120 842 1165 experiuntur,
870 1118 949 1168 458

250 1183 291 1216 et
305 1189 425 1227 seqq.;
447 1182 555 1217 timet
570 1192 617 1217 ne
634 1182 821 1228 epistolae
835 1182 949 1218 inter-

254 1241 456 1289 cipiantur,
471 1252 563 1292 547;·
575 1253 635 1278 res
651 1243 949 1280 barcinonenses

253 1307 394 1349 narrat,
416 1303 612 1353 494-495›
635 1304 831 1354 596-598-

194 1366 414 1411 Gewaerts,
443 1367 481 1402 P.
505 1366 705 1414 Martinus,
735 1366 770 1403 S.
791 1367 838 1413 J.,
865 1377 952 1403 sua-

257 1428 375 1464 vitate
414 1432 451 1464 et
483 1428 607 1474 gratia
640 1428 679 1465 in
712 1429 953 1466 concitandis

258 1490 475 1527 auditorum
491 1490 691 1528 affectibus
707 1492 861 1538 gaudet,
889 1490 952 1540 78;

256 1564 292 1590 v.
313 1551 403 1602 482.

195 1615 408 1652 Giennium
436 1614 577 1665 (Jacn),
606 1626 708 1662 opp.,
744 1614 832 1665 308,
862 1625 953 1664 311-

142 1676 148 1677 ’
256 1677 346 1727 316,
368 1687 457 1727 370;
486 1679 701 1725 episeopus,
729 1689 763 1715 v.
790 1678 951 1723 Tavera,

254 1739 436 1777 Didacus.

201 1802 334 1848 Giglio
362 1799 529 1853 (Lilius),
564 1802 655 1848 Leo,
685 1801 720 1838 S.
748 1803 794 1848 J.,
826 1802 954 1838 incola

257 1865 410 1911 collegii
430 1865 634 1910 florentini,
657 1875 746 1914 204,
770 1875 857 1914 214.

198 1926 334 1973 Giglio
358 1924 526 1976 (Lilius),
545 1926 726 1971 Thomas,
749 1926 952 1963 Societatis

259 1989 416 2034 amicus,
451 1989 655 2035 episcopus
682 1999 854 2035 soranuS,
889 2000 951 2039 34,

262 2061 350 2099 524,
373 2060 464 2099 525·

199 2111 400 2158 Ginesius,
423 2110 540 2159 Stus.‚
562 2122 651 2160 421.

202 2174 366 2211 Giraldo
392 2174 501 2220 (alibi
523 2174 728 2219 Gheraldo,
752 2173 950 2219 Ghiraldo,

261 2237 463 2282 Guiraldo,
485 2235 690 2285 Heraldo),
711 2235 951 2282 Franciscus,

262 2298 298 2336 S.
314 2299 360 2344 J.,
386 2299 515 2335 socius
540 2299 663 2335 Patris
686 2298 953 2343 Rivadeneira,

262 2360 476 2397 Lovanium
495 2361 610 2407 venit,
643 2372 729 2410 140,
755 2372 841 2410 141,
862 2373 952 2412 333,

263 2422 353 2471 360,
364 2422 452 2472 361,
462 2423 550 2472 369;
565 2423 687 2460 Patris
700 2423 841 2460 Lainez
856 2423 956 2460 litte-

262 2495 324 2522 ras
348 2490 434 2521 avet
455 2487 639 2532 accipere,
663 2485 753 2535 366,
773 2485 862 2535 367;
882 2485 955 2522 Lo-

264 2547 380 2584 vanio
400 2547 578 2593 discedit,
602 2558 691 2596 532.

206 2609 400 2654 Girardin,
422 2609 460 2645 P.
482 2609 717 2652 Desiderius‚
741 2609 779 2646 S.
797 2609 844 2654 J.,
865 2618 953 2659 735.

210 2672 451 2716 Girarducia,
473 2671 647 2717 Camilla,
672 2681 760 2719 711.

208 2733 403 2780 Girgenti,
438 2733 476 2768 in
510 2737 616 2769 textu
650 2732 880 2779 Giorgento,
917 2743 952 2769 v.

264 2795 529 2840 Agrigentum.

207 2857 350 2902 Giron,
377 2856 517 2901 Maria,
545 2849 699 2891 ducissa
725 2855 771 2891 de
797 2854 956 2891 Medina

266 2919 312 2954 de
333 2918 507 2963 Rioseeo,
537 2917 624 2958 166,

209 2981 429 3027 Gobierno,
458 2980 550 3016 alibi
578 2980 791 3026 Gouierno,
819 2979 858 3018 P.
887 2980 958 3017 Mi-

268 3043 395 3088 chael,
418 3041 456 3078 S.
477 3042 523 3087 J.,
551 3042 748 3078 orationes
766 3042 882 3078 habet
909 3043 958 3078 ad

268 3105 471 3151 populum,
503 3103 578 3152 296
588 3112 597 3150 ;
624 3115 646 3139 a
671 3104 958 3140 barcinonensi-

1067 562 1150 596 ctor
1163 561 1317 606 collegii
1338 560 1408 598 Sti.
1422 562 1581 598 Antonii
1602 561 1760 608 olisipo-

1068 622 1216 667 nensis,
1250 622 1510 669 portugalliae
1536 628 1762 670 procurator

1071 684 1234 731 eligitur,
1256 695 1352 734 499;
1381 696 1482 722 anno
1507 696 1602 735 1551
1627 686 1762 723 statio-

1070 746 1110 782 ni
1135 746 1205 784 Sti.
1233 747 1372 784 Felicis
1406 748 1642 795 praeficitur,
1671 746 1760 798 718,

1072 819 1160 859 719;
1175 810 1378 847 Bracaram
1392 811 1570 856 excurrit,
1594 820 1682 861 724;
1701 821 1762 848 res

1072 871 1397 909 conimbricenses
1427 873 1517 909 anni
1546 882 1646 922 1552
1673 875 1764 909 scri-

1072 933 1144 980 bit,
1172 934 1383 971 Antonium
1411 936 1594 972 Brandon
1628 935 1761 982 carpit,

1075 995 1260 1045 761-767‚
1280 996 1466 1046 778-785·

1021 1057 1135 1104 Goes,
1156 1058 1368 1095 Damianus
1389 1060 1447 1105 de,
1472 1058 1562 1096 801.

1022 1119 1180 1165 Gomes,
1209 1121 1250 1157 P.
1279 1121 1494 1168 CorneliuS,
1524 1121 1561 1159 S.
1589 1121 1642 1167 J.,
1672 1119 1761 1172 762,

1076 1180 1162 1230 765.

1024 1243 1181 1290 Gomes,
1203 1244 1389 1291 Michael,
1411 1246 1608 1282 turbarum
1636 1246 1766 1281 dome·

1075 1306 1257 1343 sticarum
1290 1308 1478 1344 excitator
1507 1308 1545 1344 in
1571 1307 1768 1354 Portugal-

1076 1369 1138 1414 na,
1162 1368 1250 1417 765,
1272 1368 1360 1418 769,
1384 1379 1473 1418 770,
1496 1379 1584 1418 779,
1607 1368 1697 1418 784·

1025 1430 1169 1466 Gomez
1206 1430 1356 1478 Bravo,
1393 1431 1579 1476 Joannes,
1622 1430 1766 1477 script„

1079 1491 1166 1541 308.

1026 1553 1170 1590 Gomez
1200 1554 1247 1590 de
1279 1554 1561 1601 Montemayor,
1593 1554 1768 1591 lusitanis

1079 1615 1232 1661 Gomes,
1260 1616 1298 1652 P.
1327 1615 1564 1661 Emmanuel,
1593 1616 1631 1652 S.
1652 1616 1698 1662 J.,
1721 1615 1768 1652 ab

1078 1678 1262 1724 episcopo
1283 1678 1478 1714 camerino
1494 1679 1542 1714 ad
1556 1677 1770 1714 excolenda

1080 1740 1223 1786 oppida
1234 1740 1451 1785 arcessitur,
1467 1750 1556 1789 394;
1567 1741 1649 1787 ejus
1661 1739 1772 1776 labor

1081 1802 1262 1848 episcopo
1283 1802 1543 1848 gratissimus,
1573 1810 1667 1851 395;
1694 1811 1772 1837 non

1078 1866 1133 1902 ita
1159 1865 1218 1902 Fr.
1245 1865 1424 1910 Polonio,
1460 1865 1505 1902 Ο.
1534 1864 1572 1901 S.
1606 1864 1659 1910 F„
1695 1874 1770 1914 395

1080 1931 1117 1963 et
1137 1937 1257 1974 seqq.;
1280 1927 1424 1963 fructus
1445 1927 1606 1973 percipit
1622 1927 1770 1972 uberes,

1080 1990 1306 2026 candidatos
1326 1991 1454 2036 plures
1476 1990 1524 2025 ad
1537 1989 1772 2025 Societatem

1079 2052 1212 2097 allicit,
1233 2063 1323 2101 401,
1352 2060 1448 2100 402;
1475 2051 1566 2098 quid
1598 2050 1769 2095 senserit,

1081 2114 1212 2150 audita
1231 2114 1370 2160 Ignatii
1392 2115 1440 2150 ad
1457 2123 1617 2160 superos
1635 2113 1773 2159 migra-

1081 2174 1195 2219 tione,
1217 2184 1306 2223 411,
1328 2184 1417 2223 412,
1441 2172 1530 2222 416,
1549 2183 1638 2222 417.

1028 2237 1172 2273 Gomez
1198 2238 1245 2273 de
1273 2236 1391 2282 Silva,
1420 2235 1629 2271 Rodericus
1656 2233 1772 2283 (Rui-

1079 2297 1248 2348 gomez),
1280 2298 1458 2344 Philippo
1485 2298 1518 2334 lI
1551 2308 1573 2333 a
1599 2296 1771 2342 secretis,

1084 2360 1170 2410 187
1202 2360 1294 2406 188
1323 2370 1418 2409 553
1446 2369 1534 2408 554
1557 2369 1651 2408 745
1682 2357 1772 2408 746,

1029 2434 1245 2535 G03199311ves
1266 2486 1315 2520 da
1342 2484 1522 2529 camara,
1545 2484 1584 2520 P.
1605 2482 1772 2519 Ludovi-

1081 2558 1159 2593 cus,
1189 2546 1227 2584 S.
1253 2547 1298 2592 J.,
1327 2546 1490 2582 mittitur
1515 2546 1553 2581 in
1578 2545 1774 2592 Portugal-

1081 2610 1184 2655 liam,
1207 2608 1269 2654 81;
1297 2608 1367 2643 iter
1387 2618 1434 2643 ex
1459 2608 1550 2643 urbe
1577 2607 1771 2652 describit,

1087 2670 1274 2716 108-111;
1296 2670 1334 2705 in
1360 2669 1636 2715 Portugalliam
1655 2669 1772 2715 venit,

1083 2732 1179 2779 260;
1199 2731 1302 2768 Patri
1320 2731 1469 2767 Oviedo
1491 2741 1538 2766 ex
1559 2734 1684 2766 mente
1700 2729 1770 2767 Sti.

1082 2794 1222 2841 Ignatii
1243 2793 1449 2830 consilium
1465 2793 1542 2839 dat,
1567 2792 1660 2838 260,
1684 2791 1773 2838 261;

1082 2857 1130 2892 de
1154 2856 1267 2892 rebus
1294 2854 1472 2891 lusitanis
1499 2854 1700 2890 certiorem
1721 2853 1772 2889 fa-

1083 2918 1136 2954 cit
1150 2917 1351 2964 Ignatium,
1368 2915 1554 2964 277-281;
1571 2925 1631 2951 res
1644 2915 1773 2951 dome-

1084 2979 1202 3016 sticas
1222 2979 1270 3014 ad
1290 2988 1463 3014 normam
1484 2976 1774 3013 consuetudinis

1083 3051 1265 3078 romanae
1285 3039 1425 3086 satagit
1444 3038 1660 3083 instituere,
1684 3046 1772 3088 330;

1083 3103 1237 3139 sodales
1262 3101 1409 3147 aliquot
1433 3110 1481 3136 ex
1507 3099 1617 3136 Italia
1642 3102 1775 3146 postu-
