2014 3528
758 243 775 272 1
807 243 984 273 Auoosn
1018 231 1118 285 1556
1626 241 1700 284 401

127 357 519 404 superuacaneum
537 357 631 388 esse
650 340 761 388 duxi
778 341 1013 406 quicquid,
1032 340 1151 387 ultra
1169 357 1234 399 ea,
1260 357 1376 405 quae
1400 339 1458 387 ad
1481 338 1755 386 inclusarum

128 415 508 480 explanationem,
532 415 832 480 pertine[n]t,
864 416 1120 463 adderetur.
1157 415 1224 462 Vt
1254 431 1365 479 ergo
1397 414 1500 461 hinc
1531 414 1758 478 incipiam,

128 490 299 555 placuit
322 491 366 537 in
388 491 547 554 primis
569 491 708 538 Rmo.
730 491 935 549 domino,
963 491 1192 539 Camerini
1213 491 1442 554 episcopo,
1467 507 1603 554 penes
1621 507 1758 554 quem

129 566 270 612 modo
295 565 487 629 agimus,
514 576 564 611 ut
589 565 834 612 methodus
859 565 1100 630 quaedam,
1131 563 1348 611 catholica
1377 581 1482 611 sane
1506 576 1550 611 et
1575 563 1711 621 utilis,
1737 581 1760 610 a

131 639 262 686 nobis
295 640 340 686 in
372 656 453 686 sua
482 639 648 686 diocesi
681 639 873 703 publicis
910 639 1200 686 contionibus
1230 638 1411 703 populis
1441 651 1760 703 exponeretur,

133 713 287 760 habita
312 714 438 778 prius
467 714 528 761 rei
554 714 689 761 huius
722 714 946 778 probabili
981 714 1275 778 experientia,
1309 715 1421 779 quid
1454 714 1557 761 inde
1588 714 1762 760 emolu-

131 789 273 835 menti
299 789 344 835 in
369 789 598 836 ecclesiam
623 789 719 835 eius
737 787 935 836 conferri
961 789 1178 852 potuerit,
1197 789 1312 835 sicut
1336 789 1381 834 in
1407 789 1543 835 literis
1561 788 1763 836 eiusdem

135 864 261 911 Rmi.
287 863 462 927 patebit
486 863 756 928 legentibus.
784 865 915 911 Huic
941 874 1034 911 tam
1061 864 1138 928 pio
1162 880 1268 910 sane
1297 864 1424 927 operi
1450 881 1544 910 sese
1576 864 1762 928 quidam

131 936 272 984 frater
298 938 537 985 Pollonius
560 956 585 985 a
612 938 855 996 Fabriano,
886 955 943 986 ex
972 938 1285 985 soccolantum
1317 937 1501 995 familia,
1533 938 1764 1001 opposuit,

133 1012 353 1059 hostiliter
387 1030 457 1072 ne,
493 1025 572 1060 aut
603 1030 696 1078 quo
730 1013 947 1077 impulsu,
979 1030 1132 1078 quoue
1167 1013 1365 1077 denique
1399 1012 1506 1059 fine?
1542 1012 1766 1059 Ecclesiae

132 1086 341 1151 relinquo
366 1087 541 1134 iuditio:
568 1103 654 1151 ego
686 1104 798 1134 uero
828 1098 873 1133 et
903 1087 1069 1151 ignoro
1098 1098 1144 1133 et
1175 1086 1388 1133 admiror.
1419 1086 1590 1132 Fratris
1614 1096 1766 1132 autem

133 1162 297 1224 agendi
332 1162 498 1208 modus
530 1163 645 1208 male
678 1173 822 1218 sonat3
859 1178 929 1207 res
961 1178 1072 1208 uero
1102 1161 1212 1225 ipsa,
1245 1161 1303 1208 de
1335 1177 1426 1224 qua
1457 1160 1767 1216 criminamur,

134 1235 326 1300 pessime
351 1235 495 1283 audit.
532 1236 707 1298 Quanti
739 1235 862 1282 illam
894 1233 1062 1282 faciant
1094 1234 1254 1299 prelati
1283 1234 1507 1293 ecclesiae,
1540 1233 1768 1289 nouimus;

135 1327 225 1375 qua
256 1327 416 1374 poena,
442 1310 487 1356 in
520 1309 598 1356 tali
628 1310 818 1357 crimine
849 1310 1135 1373 deprehensi,
1166 1310 1256 1356 sint
1291 1309 1558 1367 mulctandi,
1591 1308 1769 1355 audiui-

135 1401 258 1442 mus;
284 1401 402 1448 quae
428 1401 537 1431 uero
562 1384 808 1448 paternitas
827 1395 907 1431 tua
931 1396 1059 1430 tanto
1084 1384 1131 1430 in
1152 1383 1337 1448 negotio
1362 1384 1418 1430 sit
1435 1381 1624 1441 factura,
1647 1382 1772 1428 uide-

136 1459 299 1506 bimus.
327 1459 541 1523 Denique
561 1470 882 1523 praeterquam
903 1459 1030 1522 quod
1057 1458 1350 1517 Mathelicae,
1373 1457 1448 1504 ubi
1474 1457 1525 1504 lis
1543 1469 1644 1504 orta
1669 1455 1771 1513 fuit,

135 1533 285 1580 omnis
309 1533 518 1580 laborum
546 1545 810 1580 nostrorum
835 1532 1012 1580 fructus
1036 1534 1092 1580 ab
1118 1534 1217 1597 ipso
1242 1531 1395 1591 fratre,
1429 1532 1642 1580 scandalo
1667 1549 1773 1579 sane

136 1609 377 1656 uniuersali
406 1626 662 1674 percussuS,
688 1621 935 1675 antequam
961 1627 1018 1657 ex
1048 1609 1163 1656 flore
1195 1607 1333 1656 fuerit
1356 1609 1625 1673 productus,
1655 1608 1773 1655 exci-

137 1684 275 1742 derit3
300 1695 367 1731 est
390 1696 436 1731 et
460 1684 570 1732 illud
596 1685 745 1731 adhuc
771 1685 897 1749 peius
921 1685 1076 1749 priori,
1102 1695 1155 1731 ut
1177 1683 1600 1732 circumiacentibus
1623 1684 1774 1731 dioce-

139 1759 197 1805 sis
229 1758 491 1805 ciuitatibus
524 1759 812 1823 policeretur,
844 1777 890 1806 se
921 1760 1199 1824 scripturum
1234 1759 1385 1823 (quod
1418 1770 1462 1805 et
1497 1758 1651 1805 fecisse
1682 1775 1773 1804 non
1820 1800 1825 1806 .

140 1832 436 1896 dubitamus)
474 1844 527 1880 ut
559 1851 583 1880 a
615 1833 769 1892 nobis,
813 1845 1034 1899 tanquam
1076 1834 1131 1880 ab
1165 1833 1496 1898 impostoribus
1538 1849 1775 1897 nouaeque

139 1907 372 1955 doctrinae
414 1908 826 1972 praedicatoribus,
855 1920 1106 1956 caueretur.
1151 1908 1290 1955 Hanc
1332 1920 1487 1955 autem
1523 1907 1774 1955 conclusio-

142 1976 267 2040 nem,
305 1982 483 2028 tametsi
518 1982 563 2028 in
598 1982 737 2029 literis
771 1983 900 2031 Rmi.
933 1983 1096 2030 clarior
1127 1983 1184 2029 sit
1213 1982 1311 2029 luce
1343 1982 1613 2042 meridiana,
1650 1981 1773 2028 uolui

141 2055 439 2102 nihilominus
463 2056 645 2115 addere,
667 2068 719 2103 ut
742 2057 964 2121 intelligat
988 2057 1235 2120 paternitas
1254 2067 1347 2114 tua,
1367 2067 1652 2120 quantopere
1671 2056 1775 2102 huic

141 2131 198 2177 sit
236 2131 580 2194 prouidendum
624 2132 822 2195 negotio.
865 2132 964 2179 Nec
1002 2131 1129 2179 enim'
1165 2131 1334 2178 interea
1375 2147 1618 2194 possumus
1658 2130 1776 2177 inter

96 2221 98 2223 ’
142 2205 350 2252 homines
374 2206 651 2264 conuersari,
677 2207 849 2255 nedum
875 2207 1146 2271 praedicare,
1172 2206 1409 2270 presertim
1435 2206 1552 2253 inter
1575 2206 1774 2270 promis-

141 2297 251 2327 cuae
277 2280 584 2328 multitudinis
608 2281 830 2338 homines;
855 2293 900 2328 et
927 2282 1031 2329 hinc
1056 2284 1275 2330 aduersus
1299 2283 1539 2331 ueritatem
1560 2283 1777 2347 prebetur

143 2355 423 2419 malignandi
455 2356 644 2413 occasio,
678 2356 820 2420 fitque
855 2374 948 2404 non
989 2359 1168 2407 modica
1206 2359 1377 2406 Christi
1412 2359 1667 2406 animarum
1710 2359 1774 2404 ia-

143 2441 286 2477 ctura.

210 2505 511 2568 Quamquam
543 2523 566 2552 e
591 2505 752 2552 mediis
783 2506 943 2552 harum
979 2507 1389 2570 persequutionum
1422 2507 1636 2554 fluctibus
1666 2508 1778 2554 edu-

144 2580 261 2626 xerit
306 2580 500 2643 Spiritus
545 2592 725 2627 sanctus
770 2591 970 2644 quatuor
1007 2580 1194 2627 iuuenes
1235 2581 1416 2645 egregie
1457 2599 1562 2628 sane
1599 2581 1777 2638 indolis,

146 2671 313 2719 eosque
339 2655 382 2701 in
407 2655 519 2715 Jesu
549 2655 818 2702 Societatem
848 2656 1166 2719 asportauerit.
1197 2656 1388 2703 Illorum
1424 2669 1575 2704 autem
1603 2657 1778 2721 primus

146 2741 211 2776 est
248 2730 456 2793 publicus
490 2731 833 2777 communitatis
876 2730 1113 2794 magister,
1148 2731 1332 2778 nomine
1378 2732 1628 2788 Barnabas,
1667 2732 1778 2778 ami-

147 2820 226 2850 cus
257 2814 303 2851 et
332 2816 574 2873 coetaneus
608 2805 854 2852 charissimi
887 2806 1028 2851 nostri
1064 2805 1279 2853 Petronii.
1317 2807 1502 2871 Reliqui
1539 2823 1651 2853 uero
1690 2817 1778 2853 tres

148 2878 372 2925 scholares
391 2879 591 2926 eiusdem
612 2879 921 2942 prouectiores
944 2891 1084 2926 erant.
1109 2880 1243 2926 Prior
1266 2881 1322 2928 ad
1343 2880 1558 2927 kalendas
1575 2881 1776 2944 Septem-

147 2951 240 2998 bris
271 2953 327 2999 ad
360 2969 442 2999 nos
470 2953 692 3017 migrabit
724 2952 998 3010 Lauretum;
1028 2954 1299 3017 posteriores
1328 2955 1524 3019 denique
1553 2955 1777 3018 (quorum

149 3027 261 3073 alter
293 3028 580 3085 Dominicus,
619 3031 688 3085 18,
720 3045 911 3092 sequens
942 3028 1184 3092 Virgiliu8‚
1211 3030 1426 3086 totidem,
1453 3029 1639 3076 vltimus
1668 3046 1778 3075 uero

150 3101 446 3160 Benedictus,
491 3118 543 3149 21
575 3120 714 3167 agens
750 3103 972 3165 annum),
1004 3104 1109 3167 quia
1148 3104 1399 3168 periculum
1430 3115 1527 3151 erat
1556 3105 1601 3151 in
1637 3120 1778 3161 mora,

277 3195 450 3227 Ermum:
474 3197 630 3235 Mun-At,
653 3205 735 3230 τοΜ,
760 3207 791 3229 v.
1617 3198 1655 3228 2⁶
