2014 3528
298 269 373 319 376
760 270 996 309 EPISTOLAE
1026 271 1272 311 ΜιΧτΑΕ-ι
1284 273 1358 323 156

994 453 1135 488 115⁶

443 548 585 586 JOAN.
615 547 760 586 LAUR.
794 548 1080 587 PATARINUS
1110 548 1173 585 ET
1200 549 1342 586 JOAN.
1373 549 1675 587 MORTAIGNE

562 643 770 690 PATRI
810 643 1026 691 IGNAT
1030 644 1107 691 10
1144 644 1239 691 DE
1277 644 1558 693 LOYOLA

656 748 812 775 ASCULO
843 749 884 775 lN
915 749 1062 776 PICENO
1097 750 1140 789 13
1170 749 1272 786 Jumi
1307 739 1407 790 1556
1436 738 1466 778 ¹.

324 833 551 872 Franciscus
572 835 668 872 Diaz
689 836 906 872 vehementi
928 836 1138 873 tentatione
1165 837 1267 873 circa
1288 838 1532 874 vocationem
1555 839 1794 884 pulsatur.—

840 898 1048 935 Lauretum
1069 892 1280 936 reitertitur.

1051 1003 1072 1039 ,Γ

1009 1041 1106 1101 Jhs.

312 1137 407 1187 Pax
433 1138 526 1198 X.³‚
552 1151 636 1187 etc.
665 1141 855 1203 Quanto
887 1158 911 1187 a
945 1142 1096 1190 Mtro.
1127 1141 1376 1188 Francesco
1395 1142 1426 1201 ²,
1452 1141 1601 1206 giunti
1626 1141 1709 1188 che
1739 1139 1877 1189 fussi-

247 1230 323 1260 mo
348 1215 394 1260 in
423 1215 606 1272 Ferme,
634 1214 662 1262 li
687 1215 1048 1275 diceuamoche,
1076 1217 1275 1264 secundo
1300 1216 1327 1263 l’
1347 1217 1508 1263 ordine
1531 1216 1613 1263 che
1637 1217 1780 1263 hauea
1804 1216 1878 1263 dal

249 1288 395 1335 Padre
426 1290 600 1346 rettor',
633 1301 821 1336 metesse
846 1290 890 1336 in
916 1290 1085 1353 pratica
1109 1290 1180 1337 alli
1213 1291 1310 1354 puti
1338 1291 1377 1337 la
1403 1291 1591 1337 lectione
1624 1291 1706 1337 che
1737 1291 1877 1337 haue·

247 1379 384 1409 uamo
412 1363 521 1409 letto
545 1364 588 1410 di
621 1364 660 1409 la
691 1364 897 1411 doctrina
927 1364 1106 1428 xpiana.
1139 1364 1332 1412 Allhora
1362 1365 1589 1413 comincio
1622 1382 1646 1412 a
1677 1365 1876 1421 tentarsi‚

246 1437 439 1484 dicendo
463 1438 544 1484 che
570 1454 660 1484 non
688 1438 817 1485 uolea
842 1437 945 1486 farsi
968 1439 1103 1503 pegio
1126 1440 1208 1486 che
1233 1440 1367 1504 putti,
1394 1451 1439 1486 et
1463 1439 1650 1503 perdere
1673 1456 1753 1485 sua
1778 1455 1879 1503 gra-

235 1603 237 1609 ·
303 1580 314 1604 ¹
373 1582 430 1618 Ex
451 1583 692 1630 autographo
713 1583 752 1619 in
772 1584 849 1620 vol.
873 1583 915 1630 F,
937 1584 1049 1620 unico
1072 1584 1176 1631 folio,
1198 1595 1236 1622 n.
1264 1596 1351 1631 192,
1373 1585 1478 1632 prius
1498 1586 1561 1632 63.

301 1643 318 1668 2
371 1645 603 1683 Franciseus
624 1645 734 1685 Diaz.
757 1646 857 1682 Vide
880 1647 993 1693 epist.
1016 1648 1381 1694 superiorem—De
1403 1659 1447 1685 eo
1475 1652 1601 1684 autern
1629 1649 1724 1684 haec
1750 1648 1880 1695 accipe

249 1719 295 1744 ex
327 1709 541 1755 POLANCO,
575 1713 603 1747 t.
634 1718 698 1754 V1,
731 1720 818 1756 pag.
850 1721 942 1756 102,
973 1721 1012 1748 n.
1041 1719 1231 1759 352-355:
1265 1711 1516 1748 «Franciscus
1541 1711 1655 1757 Diaz,
1682 1711 1880 1759 hispanus,

250 1783 413 1819 magnae
433 1773 610 1819 puritatis
632 1784 677 1808 ac
704 1773 867 1809 fervoris
882 1774 1075 1820 juvenis...
1097 1786 1182 1810 cum
1210 1785 1297 1810 eum
1323 1778 1529 1810 retentaret
1553 1778 1665 1810 vetus
1693 1774 1879 1820 quaedam

250 1835 412 1871 tentatio
433 1836 493 1871 vel
514 1835 745 1872 desiderium
766 1836 1007 1882 ingrediendi
1029 1837 1283 1882 Carthusiam,
1311 1837 1495 1874 remissus
1522 1841 1581 1873 est
1600 1836 1818 1873 Lauretum.
1838 1837 1881 1873 In

249 1898 382 1934 itinere
405 1903 544 1945 autem,
567 1909 652 1935 cum
674 1899 746 1935 sibi
769 1900 961 1936 videretur
981 1901 1066 1946 plus
1087 1900 1182 1936 satis
1208 1901 1408 1936 commode
1430 1910 1470 1936 se
1491 1899 1610 1936 vitam
1639 1909 1764 1946 agere,
1792 1909 1881 1946 pau-

250 1960 357 1996 latim
379 1961 593 2007 pecuniam,
615 1972 712 2007 quae
735 1961 769 2009 ei
790 1963 879 2008 data
903 1961 1025 1998 fuerat
1046 1962 1084 1998 in
1106 1962 1302 2008 viaticum,
1325 1962 1453 2008 coepit
1473 1962 1711 2008 distribuere3
1732 1966 1769 1998 et
1795 1972 1880 1998 eum

250 2023 344 2058 nihil
365 2023 419 2059 illi
442 2023 630 2070 reliquum
651 2028 764 2069 esset,
782 2024 1038 2070 interrogatus
1055 2035 1076 2059 a
1093 2025 1336 2070 quibusdam,
1355 2024 1619 2060 triturantibus
1637 2023 1880 2070 frumentum,

251 2096 363 2132 quam
386 2086 566 2122 virtutem
589 2086 758 2133 haberet,
785 2087 990 2132 serviendi,
1019 2074 1154 2133 inquit,
1182 2087 1334 2124 Christo
1363 2091 1400 2123 et
1425 2086 1694 2122 benemerendi
1723 2087 1770 2122 de
1799 2096 1882 2132 pro-

249 2149 366 2194 ximo;
388 2152 425 2184 et
444 2149 583 2184 deinde
605 2154 750 2195 petens:
773 2154 829 2185 est
850 2159 897 2184 ne
919 2150 1058 2196 aliquis
1076 2150 1175 2186 inter
1191 2160 1260 2186 vos
1281 2147 1475 2196 indigens?
1492 2149 1636 2185 Etcum
1654 2149 1709 2185 illi
1725 2149 1880 2195 quidam

250 2216 430 2248 ostensus
450 2217 552 2248 esset
573 2222 728 2258 egenuS,
751 2213 882 2248 statim
904 2213 1008 2248 exuit
1029 2223 1138 2249 suam
1159 2213 1327 2249 tunicam
1350 2217 1386 2248 et
1412 2212 1467 2248 illi
1490 2212 1607 2257 dedit,
1635 2222 1680 2248 ac
1699 2212 1814 2248 simul
1834 2213 1882 2248 ad

251 2276 347 2310 bene
368 2274 575 2311 vivendum
598 2275 771 2311 hortatus
792 2280 863 2314 est.
886 2276 1119 2322 Supererant
1145 2276 1199 2312 illi
1221 2276 1353 2322 calcei,
1375 2285 1473 2322 quos
1501 2275 1636 2321 primo,
1658 2274 1723 2321 qui
1746 2274 1883 2311 obvius

252 2337 285 2372 ei
304 2337 386 2383 fuit,
409 2337 527 2375 dedit.
548 2338 802 2384 Proposuerat
824 2339 939 2374 etiam
954 2339 1102 2375 tibialia
1124 2339 1189 2375 alii
1206 2340 1307 2386 dare,
1329 2339 1398 2374 sed
1413 2338 1564 2374 interim
1586 2338 1698 2374 nudis
1721 2337 1882 2384 pedibus

251 2403 328 2435 tarn
350 2400 443 2435 dura
464 2400 526 2436 via
547 2401 619 2446 ipsi
642 2401 723 2437 visa
743 2406 812 2447 est,
834 2406 874 2437 ut
895 2402 1062 2448 amplius
1086 2402 1262 2438 incedere
1283 2411 1360 2438 non
1384 2406 1526 2447 posset.
1549 2401 1656 2437 Tunc
1683 2401 1809 2447 coepit
1829 2400 1882 2437 di-

251 2463 452 2498 scretionis
474 2474 565 2499 suae
587 2463 776 2499 defectum
800 2475 1021 2510 agnoscere,
1043 2469 1079 2500 et
1101 2476 1122 2500 a
1143 2465 1308 2500 Domino
1335 2464 1522 2500 auxilium
1552 2465 1728 2499 ardenter
1748 2467 1883 2509 postu-

251 2527 368 2563 labat.

305 2588 441 2634 Coepit
460 2593 588 2624 autem
610 2588 709 2624 intra
729 2600 769 2625 se
791 2590 920 2625 statim
941 2601 1119 2636 magnam
1146 2590 1496 2636 reprehensionem,
1524 2589 1633 2637 quasi
1662 2601 1683 2625 a
1711 2589 1791 2626 Deo
1820 2590 1883 2625 da-

253 2657 340 2696 tam,
371 2652 659 2698 persentiscere,
689 2663 734 2687 ac
760 2653 1004 2698 potissimum
1032 2654 1078 2689 de
1107 2653 1316 2689 mutatione
1343 2652 1554 2700 religionis,
1583 2653 1762 2699 quodque
1794 2652 1882 2690 Car-

259 2714 422 2749 thusiam
446 2719 601 2760 propter
621 2725 727 2751 suam
750 2716 1063 2752 commoditatem
1085 2720 1290 2762 expeteret.
1314 2715 1360 2752 Et
1380 2716 1530 2761 deinde,
1553 2726 1731 2761 magnam
1751 2726 1883 2752 conso-

253 2777 433 2812 lationem
454 2777 635 2824 sentiens,
658 2788 727 2813 sua
747 2782 836 2813 vota
856 2778 1068 2824 renovavit,
1091 2783 1127 2814 et
1147 2780 1359 2815 detestatus
1384 2783 1442 2814 cst
1465 2778 1503 2814 in
1530 2782 1728 2814 aeternum
1749 2788 1882 2814 omnes

253 2840 488 2885 phantasias,
510 2851 606 2887 quae
628 2840 741 2876 aliam
763 2841 835 2887 ipsi
855 2841 1083 2888 religionem
1103 2842 1318 2878 suaderent.
1342 2840 1389 2876 Et
1408 2851 1529 2887 usque
1550 2841 1599 2876 ad
1621 2841 1714 2877 illud
1731 2844 1881 2886 tempus

256 2914 294 2939 se
316 2914 511 2950 nunquam
532 2903 699 2950 perfecte
722 2904 924 2940 liberatum
945 2905 1011 2941 tali
1034 2904 1243 2941 tentatione
1265 2904 1470 2942 fatebatur.

313 2965 371 3002 Eo
393 2966 430 3002 in
451 2967 550 3012 loco,
574 2967 611 3002 in
632 2967 798 3013 quodam
820 2967 987 3013 hospitio
1007 2971 1250 3014 pernoctanS,
1277 2971 1314 3002 et
1339 2967 1556 3003 humaniter
1581 2970 1774 3013 exceptus,
1795 2976 1880 3003 cum

257 3028 454 3065 sudarium
475 3029 561 3065 loco
581 3029 693 3075 pretii
715 3029 806 3065 dare
827 3030 954 3075 vellet,
985 3030 1157 3076 accipere
1183 3029 1222 3065 id
1249 3032 1486 3067 recusarunt:
1506 3029 1678 3076 galerum
1698 3039 1785 3065 cum
1805 3028 1881 3066 cal-

260 3091 338 3128 ceis
367 3095 514 3128 mutare
545 3092 678 3138 voluit,
705 3092 773 3128 sed
799 3092 916 3139 gratis
945 3093 994 3128 ob
1020 3092 1091 3129 Dei
1118 3102 1285 3129 amorem
1313 3092 1347 3129 ei
1377 3092 1507 3129 donati
1535 3096 1635 3137 sunt,
1666 3095 1702 3128 et
1728 3092 1880 3128 demum

260 3165 376 3191 sanus
397 3158 433 3191 et
454 3154 491 3190 in
512 3154 713 3191 vocatione
735 3154 981 3191 confirmatus
1002 3154 1208 3192 Lauretum
1229 3154 1440 3202 pervenit».
1465 3179 1467 3181 -
1803 3164 1805 3166 ·
