2014 3528
824 270 871 311 14
898 268 986 308 ΜΑῃ
1020 258 1120 312 1556
1654 268 1728 311 323

903 441 926 474 1
941 441 964 474 Ι
974 440 1043 475 35

727 526 1006 564 WIGULEUS
1036 527 1212 564 HUNDT

578 614 787 661 PATRI
827 615 1060 662 PETRO
1096 615 1370 661 CANISIO

672 717 885 744 MONACHIO
917 718 965 757 14
995 718 1082 754 MAJI
1115 708 1215 758 1556
1245 707 1276 745 ¹.

160 803 304 841 Canisii
335 803 472 840 litteris
503 805 1099 852 respondet.—-Ingolstadiense
1130 805 1336 851 collegium
1368 805 1724 851 paratur.—Optat
1748 808 1790 841 ut

222 865 402 903 Canisius
423 877 468 902 eo
489 877 529 902 se
550 867 722 903 conferat
744 869 792 903 ad
813 879 910 914 opus
931 869 1144 915 urgendum
1166 878 1302 915 resque
1324 869 1460 904 melius
1481 869 1723 915 digerendas.

224 972 395 1035 Accepi
425 971 573 1018 literas
598 984 720 1030 tuas,
744 973 971 1020 carissime
1004 974 1063 1020 D.
1092 973 1267 1032 Canisi,
1293 990 1383 1019 una
1407 990 1510 1019 cum
1539 973 1789 1020 memoriali

156 1063 312 1093 earum
338 1063 508 1106 rerum,
535 1064 650 1110 quae
675 1047 943 1111 Inglostadii
971 1048 1027 1094 ad
1053 1047 1385 1094 institutionem
1410 1047 1585 1111 collegii
1612 1048 1789 1094 theolo-

154 1121 241 1184 gici
269 1122 516 1167 necessario
542 1121 879 1184 praeparandae
903 1126 1039 1168 erun't
1057 1120 1086 1168 ².
1116 1123 1184 1167 At
1208 1122 1321 1168 scire
1345 1132 1389 1168 te
1415 1122 1522 1167 uolo
1544 1134 1648 1184 post
1673 1122 1791 1168 redi-

154 1206 254 1241 tum
282 1212 435 1242 meum
456 1212 514 1242 ex
539 1196 743 1254 Boemia,
771 1196 974 1242 Illmum.
1004 1196 1257 1259 principem
1283 1208 1488 1242 nostrum
1516 1196 1666 1242 statim
1696 1196 1791 1242 Ro-

155 1286 279 1316 mam
304 1270 545 1334 scripsisse,
571 1287 718 1334 eoque
741 1270 986 1317 destinasse
1010 1271 1282 1317 necessarios
1305 1283 1537 1334 sumptus,
1564 1288 1658 1335 quo
1683 1270 1790 1316 socii

155 1344 220 1390 tui
246 1344 303 1390 ad
325 1344 589 1407 proximum
615 1344 933 1402 Settembrem,
961 1345 1030 1391 uel
1057 1346 1203 1403 citius,
1231 1362 1316 1409 pro
1340 1346 1643 1409 ipsorummet
1666 1362 1792 1391 com-

86 1444 90 1449 ·
156 1418 375 1464 moditate
409 1419 466 1465 ad
499 1435 582 1465 nos
619 1419 772 1465 uenire
810 1420 985 1482 possint
1005 1418 1035 1467 ³.
1066 1420 1213 1480 Jussit
1244 1436 1429 1483 quoque
1463 1436 1542 1465 sua
1573 1419 1792 1465 celsitudo

156 1492 424 1555 Inglostadii
457 1493 501 1539 in
534 1494 675 1540 veteri
706 1493 898 1558 collegio
927 1511 977 1540 ea
1007 1495 1253 1554 aedificari,
1285 1496 1341 1541 de
1366 1495 1533 1558 quibus
1564 1495 1681 1541 inter
1711 1511 1792 1540 nos

157 1579 308 1614 actum
347 1579 435 1625 est,
478 1569 628 1632 quod,
661 1580 839 1632 praeter
865 1569 1034 1615 consilii
1069 1569 1242 1628 locum,
1280 1570 1469 1615 modicis
1501 1569 1708 1633 expensis
1742 1586 1791 1615 ac

157 1641 283 1688 breui
319 1641 414 1688 fieri
446 1643 627 1705 poterit.
660 1643 1017 1707 Supelle[c]tilia
1053 1644 1194 1707 pluris
1229 1643 1528 1702 constabunt,
1555 1661 1604 1690 ac
1634 1643 1791 1690 diffici-

84 1731 92 1737 ·
157 1716 241 1762 lius
265 1717 520 1780 praeparari
547 1729 780 1781 poterunt.
808 1718 1130 1780 Quamobrem
1155 1718 1287 1765 ualde
1310 1718 1572 1764 consultum
1597 1729 1714 1764 esset
1749 1730 1792 1764 te

156 1808 294 1854 quam
330 1791 533 1854 primum
564 1791 669 1838 illuc
701 1793 868 1850 redire,
902 1793 962 1839 ita
995 1793 1115 1859 enim
1147 1793 1302 1839 omnia
1336 1793 1487 1850 citius,
1526 1793 1712 1850 melius,
1744 1809 1791 1838 ac

156 1864 349 1924 facilius,
375 1877 418 1912 te
450 1865 703 1929 inspectore
737 1884 785 1913 ac
816 1866 1103 1930 instigatore,
1136 1867 1471 1930 praecederent.
1499 1867 1635 1914 Nosti
1669 1867 1789 1913 enim

141 1956 295 2003 ‘quam
320 1939 567 1987 difficulter
591 1941 834 2006 aliquando
859 1942 968 1988 tales
992 1959 1215 2005 expensae
1239 1942 1363 1990 fiant.
1395 1943 1543 2005 Regia
1568 1941 1791 1988 maiestas⁴

155 2016 354 2079 graciose
379 2016 487 2063 haec
514 2017 731 2080 permisit.
761 2017 920 2081 Itaque
945 2029 1078 2064 tuum
1106 2035 1226 2064 nunc
1251 2018 1336 2064 erit
1367 2028 1458 2064 tam
1487 2018 1613 2081 pium
1646 2034 1791 2080 nego-

156 2090 271 2136 tium
303 2101 381 2136 tua
414 2091 666 2153 praesentia
696 2108 745 2138 ac
775 2091 963 2138 consilio
994 2109 1285 2156 promouere.
1316 2091 1369 2138 In
1405 2091 1553 2138 Illm0.
1588 2092 1791 2155 principe

157 2163 344 2210 nostro⁵
373 2176 418 2210 et
442 2165 485 2211 in
512 2182 585 2212 me
611 2166 719 2212 nihil
745 2166 916 2224 deerit,
942 2178 994 2213 ut
1019 2167 1200 2214 interim
1228 2183 1434 2231 quoque,
1459 2178 1686 2230 quantum
1713 2183 1792 2229 per

214 2320 226 2344 ¹
283 2321 340 2358 Ex
361 2323 585 2369 apographo
607 2334 752 2360 coaevo
773 2324 812 2360 in
835 2325 910 2361 vol.
934 2324 975 2367 F,
997 2325 1110 2361 unico
1132 2324 1238 2370 folio,
1260 2336 1295 2361 n.
1319 2325 1408 2370 226,
1429 2325 1536 2370 prius
1558 2334 1644 2370 232.

211 2382 228 2407 2
283 2384 388 2421 Haec
418 2385 562 2422 Canisii
596 2387 740 2433 scripta
765 2387 853 2423 vide
885 2388 987 2434 apud
1017 2387 1367 2433 BRAUNSBERGER,
1393 2384 1445 2423 B.
1474 2384 1598 2424 Petri
1625 2382 1792 2424 Canisz'z'

158 2444 362 2497 epistulae
382 2451 425 2485 et
440 2452 549 2495 acta,
572 2454 598 2487 t.
619 2458 645 2495 Ι,
669 2461 755 2496 pag.
780 2451 963 2501 567·584.

209 2506 225 2532 ³
280 2510 471 2547 Audiatur
497 2512 711 2558 POLANCO,
740 2517 764 2549 t.
794 2521 857 2558 VI,
888 2524 974 2559 pag.
1004 2513 1100 2559 389,
1129 2524 1166 2550 n.
1198 2514 1317 2560 1646,
1345 2513 1392 2549 de
1420 2513 1492 2548 hac
1519 2522 1557 2547 re
1585 2511 1787 2547 disserens:

163 2571 282 2609 ‹Cum
304 2574 483 2610 dominus
502 2574 566 2610 Dr.
589 2575 778 2621 Hundius,
800 2577 864 2622 qui
884 2576 1157 2612 Universitatis
1176 2576 1380 2622 Pragensis
1401 2580 1584 2621 patronus
1605 2577 1696 2618 erat,
1718 2573 1789 2608 hoc

157 2635 354 2681 negotium
387 2632 564 2686 [collegii
596 2637 745 2673 scilicet
777 2633 1112 2688 ingolstadiensis]
1149 2639 1249 2683 apud
1282 2638 1428 2674 Ducem
1458 2642 1628 2682 urgeret,
1661 2635 1789 2670 onmia

160 2697 436 2744 impedimenta
457 2700 609 2735 sublata
630 2699 798 2746 fuerunt;
821 2704 858 2735 et
878 2700 1008 2736 statim
1032 2700 1135 2736 misit
1155 2700 1313 2736 Romam
1335 2700 1422 2736 Dux
1442 2700 1624 2735 Albertus
1646 2702 1789 2733 trecen-

158 2763 218 2796 tos
244 2771 381 2797 aureos
402 2762 440 2797 in
467 2762 670 2808 viaticum,
691 2767 734 2798 ut
755 2764 803 2798 ad
826 2762 1092 2808 Septembrem
1113 2763 1350 2808 proximum,
1373 2763 1433 2798 vel
1454 2762 1579 2807 citius,
1601 2770 1669 2806 pro
1691 2760 1789 2805 ipso-

160 2832 242 2858 rum
260 2823 533 2859 commoditate
554 2824 760 2870 collegium
777 2825 1059 2871 Ingolstadium
1081 2824 1250 2860 invenire
1271 2823 1583 2871 possem—Huc
1602 2825 1788 2868 spectant,

159 2890 309 2930 praeter
330 2897 386 2931 ea,
413 2897 511 2932 quae
533 2887 741 2933 POLANCO‚
762 2892 790 2925 t.
809 2896 873 2934 VI,
895 2899 980 2934 pag.
1002 2888 1080 2933 4388
1102 2892 1138 2923 et
1158 2897 1263 2935 seqq.
1287 2889 1433 2934 tradit,
1456 2887 1641 2933 epistolae
1663 2886 1788 2931 plures

159 2946 229 2984 Sti.
257 2949 415 2995 Ignatii,
439 2960 535 2995 quas
562 2950 681 2986 habes
709 2951 746 2986 in
772 2951 848 2987 vol.
871 2959 935 2997 Vl,
959 2947 1133 2995 Cartas,
1163 2955 1199 2986 et
1226 2953 1354 2997 plures
1381 2952 1498 2987 etiam
1527 2949 1599 2985 Bti.
1629 2946 1787 2986 Canisii.

158 3020 254 3055 quas
275 3011 395 3046 edidit
415 3011 757 3060 BRAUNSBERGER‚
779 3018 803 3049 t.
825 3022 851 3059 1,
873 3011 899 3050 l.
922 3025 968 3059 c„
992 3017 1028 3049 et
1048 3024 1133 3059 pag.
1158 3014 1343 3051 600-610.

213 3068 225 3093 ⁴
280 3072 546 3110 Ferdinandus
566 3075 593 3121 Ι,
616 3086 683 3111 rex
704 3086 961 3112 romanorum.

212 3140 226 3155 ¹
282 3136 483 3172 Albertum
503 3136 551 3182 V,
573 3137 758 3174 Bavariae
779 3140 928 3185 ducem,
950 3137 1143 3184 intelligit.
