1982 3516
300 279 377 319 432
761 267 994 307 EPIsToLAE
1022 267 1266 307 M1xTAE—1
1278 268 1351 307 180

254 391 356 420 cosa
390 374 464 437 gia
498 373 559 420 mi
590 390 671 420 son
709 372 949 437 spogliatO.
984 374 1175 435 Quanto
1204 390 1229 420 a
1261 374 1342 432 lui,
1375 390 1531 438 parme
1565 373 1759 421 tuttauia
1789 374 1869 439 pifl

250 449 320 495 ch'
346 447 512 494 habbia
535 448 766 495 attendere
791 447 862 494 alli
894 448 1045 512 studij.
1078 448 1268 495 Restaui
1294 448 1324 494 il
1347 459 1563 495 contento
1586 447 1658 495 del
1683 448 1871 512 populo,

246 522 316 569 del
342 521 474 586 quale
498 521 541 568 in
566 522 625 568 tal
649 538 754 569 caso
779 521 823 568 io
847 532 986 585 tengo
1011 538 1128 585 poco
1145 533 1296 580 conto,
1316 523 1354 570 si
1381 524 1547 588 perche
1569 540 1660 570 non
1685 523 1745 570 mi
1766 540 1873 586 pare

245 595 514 642 riconoscer’
533 595 637 660 quel
662 595 907 643 dessiderio
932 595 977 642 d'
996 596 1098 643 udir
1128 596 1169 642 la
1200 597 1356 660 parola
1384 597 1440 644 de
1476 597 1611 644 Iddio
1646 597 1728 644 che
1759 597 1873 644 saria

244 670 505 727 necessario,
531 669 569 716 si
590 669 754 733 perche
779 669 950 717 andaro
969 669 1012 716 io
1036 670 1309 734 supplendo,
1328 671 1410 718 che
1429 673 1567 735 potro
1586 672 1695 736 ogni
1714 672 1872 719 dome-

242 743 340 790 nica
358 743 756 790 commodamente
776 743 924 807 legere
948 761 1038 790 una
1058 743 1256 802 lettione3
1278 745 1438 803 talche,
1453 744 1692 792 sodisfatto
1712 756 1873 810 questo

242 819 436 883 signore,
462 818 490 865 il
515 819 596 865 che
627 835 760 882 spero
792 818 1048 866 facilmente
1079 818 1188 879 fare,
1218 821 1252 866 s'
1272 820 1441 867 hauera
1477 820 1504 867 l'
1521 820 1769 867 intentione
1800 821 1872 868 del

244 892 422 941 fratello
447 893 551 941 Gio.
581 894 783 958 Ignatio,
808 905 853 940 et
878 893 1054 941 bastara
1079 912 1171 941 uno
1201 895 1284 942 che
1314 896 1378 942 sia
1401 906 1497 942 atto
1521 912 1546 942 a
1572 896 1807 960 insegnare
1830 895 1873 943 la

243 968 447 1016 dottrina
471 968 648 1032 xpiana.
676 968 746 1014 alli
772 969 907 1032 putti,
933 980 977 1015 et
1000 969 1047 1016 di
1072 969 1368 1029 edificatione,
1393 987 1522 1017 come
1545 970 1704 1019 scriue.

308 1044 498 1105 Quanto
525 1060 549 1089 a
574 1060 661 1103 me,
686 1044 888 1091 trouomi
915 1061 997 1107 per
1016 1045 1160 1109 gratia
1183 1045 1230 1092 di
1255 1056 1411 1092 nostro
1437 1045 1644 1110 Signore‚
1664 1045 1872 1093 massime

242 1119 401 1182 doppo
427 1118 466 1164 la
492 1129 640 1164 morte
665 1118 737 1164 del
763 1129 918 1165 nostro
943 1118 1067 1165 buon
1097 1120 1244 1166 Padre
1267 1119 1294 1177 ¹,
1321 1130 1448 1167 tanto
1481 1118 1766 1178 indiferente‚
1790 1120 1873 1167 che

244 1210 335 1239 non
364 1193 424 1239 mi
450 1209 557 1257 pare
581 1194 687 1239 star'
714 1193 758 1239 in
784 1193 924 1258 luogo
949 1193 1126 1252 alcuno,
1155 1206 1200 1242 et
1224 1205 1316 1242 star
1340 1212 1421 1259 per
1445 1206 1567 1242 tutto
1593 1195 1654 1242 mi
1678 1206 1807 1243 sento
1826 1195 1872 1242 in

243 1266 545 1331 qualsiuoglia
576 1267 765 1314 minima
796 1284 899 1314 cosa
928 1268 1219 1328 inettissim03
1253 1280 1298 1316 et
1328 1269 1516 1335 quando
1540 1269 1601 1316 mi
1633 1271 1731 1316 sara
1753 1286 1875 1316 com-

244 1341 479 1400 mandato‚
504 1341 651 1404 parmi
675 1358 699 1388 a
724 1352 841 1389 tutte
866 1342 1022 1389 douer'
1042 1359 1184 1390 essere
1210 1354 1319 1401 atto,
1344 1343 1390 1390 in
1415 1359 1584 1390 nesuna
1607 1360 1710 1390 cosa
1740 1342 1812 1390 ch’
1831 1343 1875 1390 io

238 1415 383 1463 faccia
407 1427 555 1479 punto
587 1416 648 1462 mi
673 1415 864 1474 sodisffi,
895 1427 940 1463 et
963 1417 1025 1463 mi
1058 1434 1140 1481 par
1169 1417 1216 1465 di
1247 1435 1367 1465 esser
1401 1418 1459 1465 da
1492 1428 1649 1464 nostro
1685 1417 1875 1481 Signore

245 1491 440 1537 tuttauia
467 1491 546 1554 pifi
574 1490 828 1538 fortificato.
856 1491 944 1538 Per
974 1491 1013 1538 le
1037 1492 1212 1556 ragioni
1245 1492 1413 1551 scritte,
1446 1491 1583 1539 credo
1615 1508 1695 1555 per
1719 1492 1875 1539 adesso

243 1567 341 1611 sara
360 1564 539 1611 difficile
562 1564 604 1611 la
623 1565 789 1628 partita
813 1560 917 1627 mia3
937 1567 1121 1630 quando
1142 1583 1197 1613 ue
1214 1567 1277 1614 sia
1301 1567 1441 1614 modo
1459 1566 1503 1614 d’
1524 1565 1680 1613 hauer’
1698 1583 1810 1613 anco
1829 1566 1874 1612 in

242 1651 403 1705 questo
431 1640 466 1709 ‘l’
500 1640 739 1686 intention'
764 1640 811 1687 di
842 1640 899 1687 V.
944 1640 1012 1698 Ρ.,
1040 1641 1097 1687 ne
1137 1643 1353 1688 mancaro
1385 1641 1431 1688 di
1463 1640 1674 1701 cercarlo,
1700 1640 1757 1687 ne
1788 1657 1873 1688 con

242 1715 351 1779 ogni
376 1715 615 1780 destrezza
639 1714 878 1779 esequirlo,
903 1714 931 1761 11
957 1715 1040 1761 che
1064 1715 1127 1761 fin
1151 1715 1230 1779 qui
1255 1732 1348 1762 non
1374 1715 1507 1763 uedo.

306 1789 369 1835 Di
411 1790 616 1837 mandar’
643 1788 758 1835 altro
795 1806 877 1853 per
918 1800 1074 1836 nostro
1113 1789 1416 1847 seruimento‚
1459 1805 1551 1835 non
1591 1787 1752 1836 cadera
1793 1803 1874 1850 per

241 1866 414 1922 adesso,
440 1865 523 1912 che
546 1882 596 1912 ce
619 1865 762 1911 siamo
787 1865 1005 1930 alquanto
1031 1865 1110 1929 pisi
1137 1864 1481 1921 accommodati,
1505 1864 1550 1912 di
1574 1864 1645 1911 cio
1668 1863 1752 1911 che
1775 1862 1873 1927 pri-

242 1956 317 1986 ma
343 1957 435 1987 non
459 1940 623 1987 hauian
651 1938 779 1986 fatto.

307 2013 401 2060 Nel
425 2025 546 2061 resto
569 2014 603 2060 si
629 2012 725 2060 fara
745 2014 789 2060 in
815 2024 937 2061 tutto
958 2026 1132 2079 quanto
1156 2031 1201 2061 se
1225 2014 1384 2074 scriue,
1408 2025 1453 2076 et
1477 2013 1539 2060 mi
1558 2013 1583 2059 ἐ
1601 2023 1719 2060 stato
1737 2012 1875 2059 charo

241 2088 411 2151 saperle
436 2105 517 2152 per
540 2104 632 2134 non
657 2089 810 2135 errar'.

308 2163 501 2226 Quanto
532 2162 614 2209 alle
647 2179 748 2209 cose
781 2173 934 2209 nostre
969 2163 1015 2210 di
1048 2180 1155 2227 qua,
1189 2179 1278 2209 non
1307 2161 1334 2208 li
1367 2178 1502 2226 posso
1533 2161 1650 2209 altro
1677 2161 1762 2208 dir'
1792 2160 1875 2207 che

242 2248 414 2301 quanto
440 2236 525 2283 nel'
547 2236 671 2292 altre,
704 2246 875 2283 eccetto
899 2237 981 2283 che
1015 2237 1060 2283 di
1094 2236 1242 2301 quella
1266 2237 1550 2300 processione
1573 2235 1620 2284 di
1645 2235 1780 2299 putti,
1804 2234 1874 2282 ch'

242 2313 351 2377 ogni
378 2311 617 2360 domenica
640 2311 675 2358 si
700 2310 759 2370 fa,
785 2328 868 2375 par
892 2312 975 2358 che
1006 2322 1164 2358 nostro
1189 2311 1379 2375 Signore
1404 2310 1549 2357 molto
1573 2310 1607 2357 si
1637 2310 1771 2367 serui,
1794 2308 1876 2356 che

244 2388 440 2435 tuttauia
464 2387 544 2450 pisi
569 2387 606 2433 c'
627 2387 651 2432 ἐ
678 2403 895 2433 concorso
922 2385 970 2433 d’
989 2386 1195 2433 huomini
1220 2396 1264 2432 et
1282 2382 1339 2432 d'e
1358 2386 1526 2442 donne,
1550 2395 1596 2431 et
1620 2401 1645 2431 a
1664 2385 1738 2431 noi
1762 2400 1876 2431 anco

244 2461 268 2508 ὲ
299 2462 595 2519 edificatione,
627 2460 834 2508 massime
858 2461 903 2508 di
929 2461 1068 2508 ueder
1097 2461 1179 2507 che
1209 2461 1317 2507 certi
1350 2459 1479 2507 uechi
1513 2459 1618 2506 delli
1653 2457 1795 2504 buoni
1819 2458 1876 2505 de

246 2536 324 2601 qui
352 2536 385 2582 si
411 2547 616 2582 mettano
641 2533 711 2581 fra
740 2535 768 2580 li
802 2535 942 2598 putti3
972 2545 1017 2581 et
1047 2550 1128 2597 par
1157 2533 1228 2580 ch’
1250 2550 1274 2578 a
1306 2543 1467 2600 questo
1497 2531 1677 2596 signore
1710 2531 1876 2594 piaccia

249 2609 603 2668 mirabilmente,
636 2620 681 2655 et
714 2625 787 2655 me
823 2610 940 2655 disse
984 2608 1058 2672 gia
1089 2608 1172 2654 che
1208 2624 1252 2654 se
1293 2623 1386 2653 sua·
1413 2606 1619 2670 Signoria
1644 2604 1661 2630 2
1690 2605 1875 2652 hauesse

248 2696 429 2747 potuto,
455 2683 691 2730 uolentieri
717 2683 760 2729 ui
794 2684 907 2729 saria
931 2694 1119 2737 uenum,
1142 2682 1189 2729 di
1213 2682 1295 2728 che
1320 2698 1375 2728 ne
1405 2680 1450 2727 fa
1482 2690 1768 2744 argumento,
1792 2678 1874 2726 che

247 2759 287 2804 la
313 2758 551 2814 domenica
576 2764 751 2822 passata
779 2757 817 2804 ci
842 2757 1014 2804 mando
1045 2756 1075 2803 11
1099 2773 1182 2803 suo
1213 2755 1384 2820 figliolo
1414 2772 1500 2802 con
1532 2765 1651 2802 tutta
1682 2753 1808 2817 quasi
1833 2752 1875 2799 la

300 2953 312 2979 ¹
372 2955 472 2991 Vide
494 2965 640 3003 aureas,
664 2966 759 3002 quas
780 2960 866 3001 post
887 2954 1033 2992 obitum
1055 2954 1177 2990 sancti
1197 2954 1365 3000 parentis
1384 2952 1525 3000 Ignatii
1541 2951 1706 2998 scripsit,
1725 2951 1874 2987 litteras

247 3017 467 3054 Androtius.
496 3018 572 3054 Eae
603 3019 848 3055 inveniuntur
877 3019 915 3055 in
944 3016 1102 3057 Cartas
1126 3014 1177 3054 de
1203 3014 1291 3055 San
1319 3013 1510 3066 Ignacio,
1540 3019 1564 3052 t.
1594 3023 1651 3060 vl,
1679 3024 1765 3061 pag.
1795 3014 1871 3061 538

244 3086 280 3115 et
301 3090 391 3127 407.

298 3139 314 3165 2
371 3143 581 3179 Leonellus
602 3143 669 3179 Pio
689 3143 726 3179 di
747 3143 871 3190 Carpi.
