2040 3528
830 291 883 318 AD
913 290 1136 320 LECTOREM
1701 295 1716 320 1
1728 295 1743 321 Ι

162 396 306 443 tanae,
334 401 396 445 24
417 385 564 443 Nov.,
592 402 652 450 29
683 387 815 444 Dec.;
843 388 1142 451 drepanenses,
1169 403 1232 449 30
1257 389 1400 446 Nov.,
1430 391 1485 436 28
1515 389 1651 447 Dec.;
1677 400 1800 436 cata-

161 463 316 518 nensis,
342 477 368 508 2
374 477 402 522 3
430 463 569 525 Apr.;
594 462 850 521 bzbonenses,
879 477 922 524 7,
956 478 1008 524 13
1034 464 1146 524 Jun.

229 537 283 583 In
307 535 556 582 Germania
579 537 811 600 superiore
836 538 1071 600 provincia
1094 538 1325 592 Societatis
1350 539 1434 585 sub
1460 539 1644 586 Canisio
1670 555 1800 602 prae-

164 612 314 675 posito
339 612 586 675 constituta
611 625 692 660 est.
714 614 858 675 Quod
878 614 1102 677 regendae
1121 615 1380 677 provinciae
1402 633 1570 662 munus
1594 631 1702 662 cum
1727 614 1799 661 ille

165 704 271 749 prae
296 687 433 733 animi
458 687 729 735 demissione
755 688 1006 752 refugeret,
1034 690 1214 735 meritas
1239 689 1393 736 retulit
1418 691 1477 737 de
1501 690 1593 736 suis
1621 689 1800 735 virtuti-

165 761 250 808 bus
283 761 457 820 laudes,
491 777 542 822 13
578 763 698 823 Jul.;
726 781 816 810 non
852 775 1003 810 tamen
1036 781 1173 821 onus,
1202 765 1404 811 humeris
1437 766 1708 828 impositum
1743 765 1800 811 ab

165 836 359 900 Ignati0,
385 837 612 884 declinare
645 839 807 901 potuit.
843 838 1041 885 Gemina
1072 839 1259 903 collegia
1292 840 1477 887 condita
1508 841 1643 887 etiam
1677 852 1799 899 sunt,

164 927 388 975 pragense
419 912 635 970 alterum,
661 913 854 959 alterum
879 913 1250 976 ingolstadiense,
1275 915 1333 960 de
1364 915 1532 978 quibus
1557 915 1801 962 videantur

163 986 393 1049 epistolae,
426 1003 484 1046 14
511 988 648 1053 Maj„
674 1003 737 1047 24
761 989 883 1045 Oct.,
910 991 968 1035 28
998 989 1115 1034 Dec.

228 1060 448 1107 Coloniae
479 1078 687 1125 quoque,
711 1078 817 1108 cum
842 1062 947 1108 socii
981 1062 1197 1108 hactenus
1227 1063 1507 1109 conductitia
1536 1063 1693 1120 domo,
1719 1081 1800 1109 nec

163 1136 323 1181 eadem
349 1136 602 1182 admodum
629 1136 793 1199 ampla,
820 1147 1071 1193 uterentur,
1098 1136 1305 1183 Societati
1331 1137 1594 1201 collegium,
1619 1137 1692 1202 cui
1717 1155 1798 1183 no-

167 1227 270 1256 men
290 1211 491 1256 «Trium
506 1210 845 1268 Coronarum»,
863 1211 1139 1258 attributum
1158 1222 1236 1258 est.
1262 1212 1392 1258 Hinc
1414 1223 1592 1258 exstant
1613 1210 1799 1268 litterae,

166 1298 225 1347 25
252 1286 376 1344 Oct„
404 1299 429 1347 5
457 1285 599 1341 Nov.,
633 1301 649 1331 1
682 1286 795 1333 Dec.
1627 1296 1630 1298 ’

231 1359 427 1406 Lovanii
454 1359 680 1423 praeclare
703 1361 810 1407 socii
837 1378 932 1407 rem
960 1373 1220 1425 gesserunt,
1247 1362 1446 1425 totisque
1479 1361 1652 1408 viribus
1679 1362 1800 1408 adla-

165 1433 378 1480 boratum
406 1445 494 1492 est,
520 1452 544 1480 a
574 1435 879 1482 Rivadeneira
905 1436 1166 1500 praecipue,
1194 1449 1244 1483 ut
1277 1437 1473 1483 Societas
1505 1437 1665 1516 Belgio
1691 1438 1800 1483 reci-

164 1519 360 1570 peretur.
405 1507 583 1554 Placuit
622 1509 805 1555 tandem
845 1509 1026 1555 divinae
1068 1510 1259 1556 bonitati
1301 1510 1531 1555 sociorum
1573 1510 1713 1566 votis,
1755 1510 1799 1555 in

163 1582 415 1646 primisque
448 1583 635 1646 Ignatii,
662 1585 1049 1631 annuere—Sed
1083 1585 1191 1631 haec
1224 1584 1402 1648 plenius
1430 1601 1514 1630 suo
1546 1584 1668 1642 loco,
1693 1601 1799 1630 cum

163 1656 379 1720 epistolae
408 1658 727 1716 Rivadeneira,
752 1659 785 1704 si
815 1660 943 1706 Deus
967 1676 1106 1722 opem
1134 1658 1265 1718 ferat,
1291 1659 1338 1705 in
1362 1659 1513 1706 lucem
1539 1661 1799 1706 mittentur.

163 1730 343 1777 Interea
381 1748 495 1777 vero
536 1732 778 1779 videantur
819 1731 938 1779 infra
984 1734 1179 1780 Adriani
1226 1733 1559 1781 Adriaenssens
1607 1733 1800 1791 litterae,

166 1820 224 1853 22
250 1805 372 1863 Oct„
399 1809 457 1853 28
486 1806 629 1864 Nov.,
662 1823 733 1866 11,
762 1823 836 1868 24,
863 1822 925 1868 30
951 1809 1064 1856 Dec.

228 1881 283 1927 In
310 1880 457 1928 Gallia
481 1882 634 1940 etiam,
653 1883 1027 1930 evanescentibus
1052 1883 1289 1947 paulatim,
1312 1900 1429 1948 quae
1453 1884 1580 1931 aditu
1604 1883 1801 1930 Societa-

121 1967 128 1975 ·
163 1966 256 2001 tem
283 1955 603 2018 prohibebant,
629 1958 881 2015 sententiis,
909 1958 955 2004 in
981 1959 1406 2006 christianissimum
1432 1975 1628 2020 regnum
1657 1959 1800 2006 nostri

163 2028 404 2076 homines
395 2031 584 2094 ingressi
610 2043 737 2088 sunt,
764 2049 813 2078 ac
839 2031 1019 2079 Billomi
1050 2043 1300 2097 coeperunt
1324 2034 1526 2080 docere
1518 2051 1562 2080 in
1591 2033 1799 2097 collegio,

163 2105 287 2168 quod
322 2121 493 2169 magno
523 2107 676 2153 studio
709 2123 788 2153 nec
820 2108 997 2154 minore
1030 2108 1295 2155 liberalitate
1328 2109 1537 2155 Societati
1569 2108 1801 2155 condebat

162 2178 435 2226 clarissimus
474 2180 734 2227 Gulielmus
774 2182 836 2228 du
878 2182 1010 2240 Prat,
1047 2183 1420 2229 claromontanus
1459 2183 1658 2230 antistes.
1704 2183 1800 2245 Qui

164 2254 351 2318 quidem
377 2254 468 2300 suis
494 2255 551 2302 ad
576 2256 776 2312 Violam,
802 2256 1033 2302 sociorum
1057 2257 1259 2304 coloniae
1283 2270 1435 2321 caput,
1463 2258 1803 2304 humanissimis

165 2330 324 2376 litteris
357 2347 517 2376 eorum
552 2331 635 2377 sibi
670 2332 925 2378 adventurn
959 2333 1238 2396 gratulatur,
1275 2334 1614 2398 necessariaque
1647 2334 1803 2380 omnia

163 2404 424 2468 pollicetur,
457 2421 472 2450 1
504 2406 652 2468 Aug.;
682 2405 917 2452 Robertus
943 2423 1052 2452 vero
1075 2406 1370 2471 Clayssonius
1400 2419 1445 2454 et
1479 2408 1803 2471 Hieronymus

163 2479 205 2526 le
227 2479 314 2526 Bas
346 2480 670 2526 nobilissimam
704 2480 865 2527 urbem
898 2493 943 2527 et
972 2481 1337 2546 circumjacentia
1361 2482 1554 2545 oppida,
1581 2499 1671 2545 qua
1699 2499 1802 2528 ora-

142 2555 367 2624 ·tionibus
391 2555 558 2601 habitis
582 2555 640 2601 ad
666 2555 916 2619 populum,
941 2573 1032 2620 qua
1055 2556 1188 2603 editis
1218 2557 1337 2603 vitae
1363 2557 1588 2620 exemplis
1614 2557 1803 2604 mirifice

165 2629 381 2676 excolunt
403 2629 705 2693 Societatique
727 2630 980 2677 conciliant.
1016 2630 1202 2677 Etenim
1232 2631 1615 2693 «Hieronymus,
1642 2648 1802 2677 mune-

165 2703 291 2750 ribus
315 2704 686 2751 issiodorensium
710 2705 882 2751 ciuium
908 2722 1013 2752 cum
1046 2707 1260 2769 prudenti
1291 2707 1549 2752 humilitate
1579 2705 1801 2765 refutatis,

166 2777 528 2842 fragrantissimo
551 2779 784 2826 Societatis
814 2780 957 2827 odore
989 2781 1033 2827 in
1065 2798 1117 2828 ea
1141 2781 1253 2828 vrbe
1277 2782 1504 2845 disperso,
1529 2781 1800 2828 Claromon-

166 2863 282 2909 tem‚
307 2853 650 2899 xenodochium
677 2853 844 2900 iterum
876 2871 960 2900 suo
986 2871 1114 2901 more
1143 2855 1564 2913 administraturus,
1591 2855 1646 2901 ad
1671 2856 1801 2901 aedes

165 2922 341 2974 domini
359 2927 607 2973 cancellarii
635 2944 846 2974 reuersus
867 2941 953 2977 est:
978 2930 1106 2976 cuius
1131 2930 1544 2994 quadragesimales
1562 2930 1801 2976 conciones

166 3000 450 3065 frequentior
487 3002 753 3064 auditorum
790 3003 926 3050 turba
965 3005 1227 3062 exornauit,
1263 3022 1402 3070 quam
1444 3005 1579 3052 ullius
1619 3006 1801 3051 alterius

166 3076 442 3122 ecclesiastae
482 3076 610 3122 annis
651 3077 841 3124 antehac
884 3079 1047 3142 viginti
1090 3091 1335 3144 quatuor...
1384 3080 1797 3143 Quadragesimam

167 3150 508 3214 praeteritam...
534 3167 640 3198 cum
659 3150 813 3199 fructu
837 3149 1098 3202 animorum
1124 3155 1246 3203 haud
1271 3156 1566 3221 poenitendo,
1586 3168 1630 3202 et
1654 3156 1798 3202 admi-
