2040 3528
293 258 343 309 56
762 261 1000 300 EPISTOLAE
1028 262 1365 315 M1xTAE—1o56

244 381 297 427 13
334 367 392 414 de
424 366 569 427 Junio
601 367 753 413 recebi
785 385 842 414 en
876 368 1078 432 primero
1111 370 1168 417 de
1202 370 1453 417 Setiembre
1480 370 1492 395 ¹
1520 387 1577 418 en
1616 370 1886 431 Jarandilla,

233 442 416 488 adonde
458 458 543 504 por
585 439 695 487 falta
735 442 793 489 de
831 443 962 490 salud
1004 461 1087 491 nos
1125 444 1297 492 mando
1337 445 1377 492 el
1415 445 1469 493 P.
1504 446 1542 492 F
1546 445 1747 492 rancisco
1773 446 1812 492 ir
1846 446 1886 494 al

238 516 291 563 P.
311 514 586 561 Gutierrez²
606 533 633 578 y
655 517 680 562 a
699 517 778 563 mi:
801 534 829 580 y
849 534 1032 582 aunque
1057 520 1292 566 tardamos
1316 537 1372 565 en
1397 519 1621 580 cobrarla,
1642 519 1723 567 fue
1749 520 1789 567 el
1810 521 1885 568 Se-

232 595 320 636 fior
344 590 527 636 seruido
551 591 609 637 de
633 590 773 649 darla‚
804 591 856 655 [y
883 592 931 656 a]
962 593 1151 657 algunas
1181 593 1325 640 almas
1349 611 1435 658 por
1459 595 1528 641 103
1553 612 1786 642 sermones
1810 596 1887 643 del

236 666 404 723 Padre‚
429 668 469 712 el
494 666 599 730 qual
625 683 671 712 63
691 678 767 712 tan
794 667 1080 715 benemerito
1104 669 1162 716 de
1192 669 1234 715 13
1260 669 1545 732 Compafiia,
1570 686 1680 734 que,
1707 687 1796 717 con
1823 687 1885 717 no

230 741 349 787 serlo
389 740 454 798 io,
488 758 561 787 me
595 752 756 788 atrevo
786 742 812 788 3
842 743 1040 806 suplicar
1064 745 1090 791 3
1116 743 1173 790 V.
1204 743 1255 790 P.
1289 742 1329 790 le
1360 745 1641 808 conmunique
1666 743 1708 790 la
1733 745 1885 808 gracia

229 817 287 861 de
311 833 436 862 sacar
461 816 500 862 el
526 817 658 873 alma,
685 833 864 880 porque
884 817 924 863 la
948 818 1069 864 tiene
1094 830 1171 864 tan
1197 818 1362 875 bueria,
1388 835 1478 882 que
1503 836 1666 882 espero
1691 819 1883 866 muchas

226 908 275 937 se
300 891 644 954 aprouecharan
664 892 721 938 de
748 891 809 938 las
833 892 958 956 de[l]
984 894 1270 957 purgatorio,
1289 910 1427 940 como
1454 893 1497 939 lo
1522 893 1668 940 hazen
1690 893 1884 958 algunas

230 983 340 1029 para
365 983 425 1012 no
450 966 487 1012 ir
511 968 537 1013 3
562 966 623 1024 el,
649 984 679 1030 y
704 966 750 1013 10
775 983 833 1013 an
857 967 1003 1014 hecho
1035 968 1096 1014 133
1126 968 1183 1015 de
1211 968 1416 1032 aquellos
1447 971 1630 1014 sefiores
1662 968 1719 1015 de
1753 969 1883 1015 Oro-

230 1058 350 1104 pesa.
378 1040 393 1066 ³

293 1116 529 1162 Tambien
556 1133 639 1162 nos
659 1116 830 1163 mando
855 1117 893 1163 el
917 1117 1066 1164 Padre
1092 1128 1235 1164 tratar
1259 1118 1316 1164 de
1342 1133 1459 1162 unos
1483 1115 1686 1180 colegios
1711 1133 1801 1181 que
1826 1133 1882 1163 en

226 1190 315 1237 dos
340 1190 519 1254 lugares
544 1190 667 1236 suios
691 1190 896 1254 aquellos
919 1195 1102 1237 sefiores
1133 1191 1327 1255 querian
1359 1191 1524 1250 hazer,
1556 1208 1644 1238 con
1669 1208 1730 1238 no
1756 1202 1884 1239 tener

231 1266 441 1313 mediana
466 1266 681 1312 dotacion
702 1282 811 1329 para
829 1282 939 1312 uno.
968 1265 1015 1311 Y
1035 1282 1218 1330 aunque
1243 1283 1304 1313 no
1332 1266 1374 1312 10
1400 1265 1544 1323 fuera,
1564 1266 1665 1313 sino
1690 1266 1882 1330 grande,

229 1358 314 1387 son
342 1352 418 1386 tan
440 1345 677 1404 pequefios
697 1340 765 1386 103
786 1340 983 1403 lugareS,
1004 1358 1033 1404 y
1053 1351 1202 1387 tantas
1222 1340 1285 1386 las
1303 1340 1595 1387 condiciones
1613 1357 1703 1404 que
1728 1340 1885 1403 piden‘,

228 1433 322 1480 que
342 1433 402 1461 no
420 1432 466 1460 se
487 1415 597 1461 hizo
618 1415 749 1461 nada.
768 1416 816 1461 Y
835 1433 882 1463 es
906 1416 1079 1462 comfin
1099 1433 1203 1462 cosa
1220 1416 1278 1463 de
1296 1420 1479 1462 seriores
1498 1433 1663 1479 querer
1682 1428 1813 1462 tener
1827 1431 1884 1462 en

231 1507 308 1536 sus
333 1490 530 1536 asientos
553 1490 611 1536 de
637 1489 681 1536 lo
707 1490 855 1553 mejor
878 1506 968 1554 que
999 1490 1062 1536 las
1092 1490 1336 1553 religiones
1366 1490 1518 1537 tienen
1551 1491 1609 1536 de
1637 1489 1883 1554 subjectos,

230 1582 262 1628 y
288 1581 347 1610 no
373 1563 617 1620 aiudarles,
643 1563 743 1610 sino
767 1564 975 1611 aiudarse
1005 1564 1138 1624 ellos,
1170 1582 1352 1629 aunque
1377 1582 1451 1611 sea
1474 1563 1682 1612 faltando
1710 1566 1736 1611 3
1760 1575 1885 1611 otras

227 1654 379 1695 cosas,
404 1637 559 1684 donde
584 1639 684 1684 mas
708 1637 746 1683 el
773 1638 917 1685 Sefior
941 1655 987 1685 se
1012 1639 1131 1685 sirue
1156 1656 1185 1701 y
1210 1656 1256 1685 se
1279 1656 1438 1703 espera
1462 1651 1714 1703 augmento
1739 1639 1796 1686 de
1820 1638 1885 1685 las

229 1712 382 1770 obras3
403 1729 583 1776 porque
608 1729 666 1759 en
692 1712 734 1758 la
759 1730 849 1777 que
876 1729 939 1758 un
966 1717 1101 1759 sefior
1125 1730 1246 1777 pone
1269 1713 1309 1760 13
1335 1731 1487 1771 mano,
1514 1731 1574 1760 no
1599 1713 1755 1778 quiere
1780 1724 1884 1760 otro

237 1787 466 1845 acabarla,
499 1787 598 1834 sino
636 1787 821 1833 hazerla
851 1788 908 1834 de
938 1805 1091 1834 nueuo
1125 1804 1212 1851 por
1247 1788 1359 1836 suia.
1392 1789 1440 1835 Y
1464 1805 1550 1834 con
1587 1804 1658 1834 ser
1681 1787 1885 1851 aquellos

232 1867 419 1908 sefiores
451 1864 549 1908 mas
582 1861 894 1908 mortificados
924 1878 1015 1926 que
1048 1873 1200 1921 otros‚
1235 1862 1405 1925 pedian
1438 1878 1565 1908 cosas
1596 1879 1625 1925 y
1650 1878 1883 1925 personas,

230 1953 325 2001 que
349 1936 393 1983 io
419 1953 464 1983 se
490 1935 553 1982 133
577 1952 745 1999 negara
775 1953 911 1982 como
937 1939 962 1983 a
994 1937 1035 1982 13
1066 1952 1306 2000 marquesa
1324 1934 1363 1995 ⁴,
1395 1952 1579 2000 aunque
1613 1936 1730 1982 tiene
1754 1936 1885 1982 hat-ta

235 2011 474 2058 necesidad
498 2027 552 2056 su
577 2010 696 2056 alma
720 2027 748 2074 y
774 2027 828 2056 su
852 2027 953 2056 casa
984 2010 1041 2057 de
1076 2010 1198 2072 jente
1231 2011 1291 2057 de
1316 2010 1358 2057 la
1388 2010 1672 2074 Compafiia3
1704 2026 1886 2075 porque

230 2102 281 2132 es
305 2095 434 2132 tanta
459 2085 500 2131 la
523 2083 630 2131 salta
654 2101 744 2149 que
769 2085 807 2131 ai
833 2101 890 2131 en
916 2084 978 2130 las
1002 2101 1140 2142 casas,
1165 2101 1272 2149 que,
1296 2101 1381 2131 con
1408 2101 1469 2130 no
1494 2100 1603 2131 auer
1623 2101 1682 2147 yo
1706 2083 1885 2131 oluida-

292 2266 306 2291 ¹
362 2269 443 2305 Has
464 2267 535 2305 Sti.
556 2267 698 2314 Ignatii
719 2268 867 2304 litteras
895 2268 944 2304 ad
969 2268 1009 2305 P.
1039 2267 1253 2317 Antonium
1280 2268 1327 2304 de
1358 2267 1540 2304 Cordoba
1567 2267 1688 2304 habes
1713 2266 1754 2302 in
1779 2266 1885 2303 illius

236 2329 411 2376 Canas,
433 2335 458 2368 t.
480 2339 522 2377 v,
544 2341 632 2377 pag.
657 2338 844 2378 210—215.

291 2391 308 2416 2
366 2393 491 2441 «Quia
512 2403 605 2429 vero
627 2393 667 2431 P.
688 2393 884 2430 Antonius
904 2393 951 2429 de
980 2393 1160 2430 Cordoba
1181 2396 1218 2429 et
1237 2393 1278 2430 P.
1300 2392 1499 2429 Gutierrez
1530 2388 1756 2439 [Martinus]
1785 2391 1885 2427 male

235 2457 448 2503 habebant,
470 2456 542 2492 sub
562 2455 678 2491 finem
697 2455 802 2491 Junii
819 2467 841 2491 a
855 2455 899 2494 P.
917 2455 1129 2492 Francisco
1143 2455 1286 2502 Borgia
1301 2454 1586 2491 Xiarandillam
1601 2453 1656 2489 ire
1664 2452 1764 2500 jussi
1780 2457 1884 2500 sunt,

236 2521 345 2567 quod
366 2520 552 2566 oppidum
574 2523 656 2555 erat
675 2518 839 2556 Comitis
865 2520 913 2555 de
941 2519 1127 2566 Oropesa,
1148 2520 1227 2566 ubi,
1250 2522 1523 2566 praeterquam
1545 2518 1649 2565 quod
1669 2517 1885 2554 valetudini

236 2594 335 2619 suae
355 2583 643 2628 consuluerunt,
665 2581 796 2628 aliqua
823 2582 872 2617 ad
897 2581 970 2618 Dei
991 2582 1157 2629 gloriam
1183 2582 1327 2618 ibidem
1353 2591 1422 2628 per
1449 2590 1517 2617 eos
1543 2584 1630 2616 acta
1656 2583 1783 2617 sunt».
1805 2580 1885 2617 Po-

239 2653 392 2691 LANCO,
413 2649 439 2682 t.
460 2654 502 2691 V,
523 2656 614 2692 pag.
635 2655 725 2692 413,
747 2656 783 2682 n.
809 2657 924 2691 1104.

293 2705 308 2731 ³
365 2707 536 2744 Comites
557 2708 605 2744 de
626 2707 812 2754 Oropesa,
834 2709 881 2743 de
902 2708 1043 2755 quibus
1063 2707 1126 2744 hic
1147 2708 1284 2754 agitur,
1302 2710 1412 2743 erant
1431 2706 1700 2743 Ferdinandus
1717 2705 1884 2743 Alvarez

236 2770 287 2806 de
307 2770 455 2807 Toledo
476 2774 513 2806 et
532 2770 689 2807 Beatrix
707 2770 754 2806 de
775 2770 942 2817 Monroy
962 2774 998 2806 et
1019 2770 1160 2817 Ayala.
1188 2770 1246 2806 De
1266 2769 1326 2806 his
1348 2780 1394 2806 ac
1415 2770 1462 2806 de
1482 2769 1587 2806 illius
1608 2769 1737 2814 fratre,
1758 2768 1885 2806 Fran-

235 2833 345 2870 cisco
366 2833 412 2868 de
433 2833 594 2879 Toledo,
616 2833 782 2879 Borgiae
803 2833 1066 2877 amicissimis,
1096 2833 1218 2869 multa
1236 2833 1392 2869 tradunt
1412 2829 1549 2883 Epist.
1572 2829 1758 2877 Mixtae‚
1779 2835 1806 2869 t.
1826 2840 1882 2881 1v,

238 2907 330 2945 pag.
349 2908 544 2942 440-441,
566 2901 700 2934 annot.
725 2908 758 2934 1.

294 2957 310 2982 ⁴
365 2959 541 3006 Intellige
562 2960 884 2996 marchionissam
904 2960 951 2996 de
972 2959 1122 3006 Priego‚
1151 2962 1314 2995 matrem
1333 2958 1456 3005 ipsius
1477 2958 1639 2996 Antonii
1660 2960 1709 2997 de
1729 2958 1886 2997 Cordo·

237 3022 308 3068 ba,
330 3021 579 3059 catharinam
605 3021 635 3058 F
639 3021 829 3058 ernandez
855 3022 903 3057 de
932 3021 1129 3066 Cordoba,
1151 3031 1249 3068 quae
1276 3021 1492 3058 Montuliae
1517 3019 1732 3073 (Montilla)
1753 3021 1886 3059 Socie-

239 3084 333 3121 tatis
371 3085 622 3132 gymnasium
656 3084 813 3121 volebat
846 3084 1059 3122 instituere.
1093 3083 1194 3120 Vide
1229 3083 1339 3130 epist.
1378 3085 1620 3131 superiorem
1652 3085 1777 3123 Patris
1810 3084 1885 3122 Bu—

236 3151 443 3185 stamante.
