2014 3528
781 279 828 307 21
861 279 1017 307 APRILIS
1049 268 1150 319 1556
1651 267 1722 304 281

150 387 300 422 tocare
328 377 423 420 mas
446 390 530 419 con
560 372 598 419 la
625 389 775 430 mano,
803 374 845 419 lo
869 374 1080 420 escriuire
1107 376 1202 421 mas
1228 374 1369 437 largo,
1405 390 1430 433 y
1460 389 1543 436 por
1577 389 1683 418 aora
1720 388 1779 417 no

150 450 302 514 puedo
326 449 454 496 dezir
479 450 589 504 mas,
616 448 715 494 sino
740 465 828 512 que
856 449 983 494 todas
1010 448 1069 494 las
1095 464 1229 494 vezes
1253 459 1341 512 que
1369 447 1427 495 V.
1461 447 1510 493 P.
1545 449 1777 492 me'enco-

152 525 332 574 mienda
357 526 383 571 a
408 523 539 580 Dios,
565 536 703 587 tengo
729 524 893 570 mucha
917 523 1219 579 consolacion,
1251 540 1277 585 y
1308 535 1448 585 tengo
1482 521 1637 568 animo
1671 537 1779 583 para

149 601 366 647 adelante.
394 599 453 645 V.
483 598 538 645 P.
567 598 624 644 de
650 597 734 643 alla
759 615 842 660 por
867 615 995 643 amor
1019 598 1074 644 de
1102 609 1284 642 nuestro
1311 596 1453 642 Sefior
1479 612 1551 640 me
1571 595 1775 641 hechesu

150 687 302 722 sancta
327 674 579 720 bendicion.
611 674 687 736 Oy
717 673 821 719 XX
846 674 902 719 de
930 673 1059 719 Abril
1086 673 1158 737 de¹
1183 671 1318 733 1556.
1354 670 1509 727 Filius,
1535 670 1614 734 qui
1646 670 1781 732 desy—

149 752 280 798 derat
305 747 490 795 obedire
514 747 612 804 tibi,

1129 821 1250 867 Luls
1277 819 1563 866 GomzALEz.

216 935 469 996 Inscriptio:
494 933 534 996 †
558 933 616 978 A!
645 933 788 979 molto
815 931 1007 979 Rdosin
1034 931 1159 993 Xpo.
1192 929 1354 986 Padre,
1380 929 1406 974 il
1441 930 1488 976 P.
1516 929 1696 993 Ignatio
1724 929 1780 974 de

152 1009 345 1070 Loyola,
383 1008 615 1071 preposito
646 1006 854 1070 generale
884 1005 1002 1052 della
1033 1004 1323 1066 Compagnia
1352 1003 1395 1050 di
1427 1004 1572 1064 Jesus.
1609 1004 1776 1050 Roma.

151 1084 259 1130 Alia
284 1099 427 1130 manu:
454 1081 669 1129 Lisbona.
700 1082 807 1127 R.d²
839 1083 864 1127 a
889 1080 956 1126 los
983 1095 1043 1138 24
1066 1080 1122 1126 de
1149 1079 1314 1142 May0.

899 1266 925 1299 1
936 1266 962 1299 1
971 1264 1039 1300 28

644 1361 907 1398 ROBERTUS
937 1361 1293 1419 CLAYSSONIUS

468 1458 681 1505 PATRI
719 1458 1018 1506 IGNATIO
1054 1459 1148 1505 DE
1186 1457 1472 1505 LOYOLA

578 1586 585 1593 ,
646 1563 825 1589 BILLOMO
856 1563 902 1590 21
936 1563 1092 1590 APRILIS
1127 1551 1226 1602 1556
1256 1549 1285 1588 ¹.

152 1643 194 1697 PL
214 1659 267 1696 Le
295 1659 370 1695 Bas
397 1659 591 1696 orationes
617 1659 732 1695 habet
759 1661 807 1695 ad
833 1649 1262 1706 populum—Fructus
1289 1670 1335 1695 ex
1363 1659 1507 1695 eisdem
1535 1658 1788 1704 exemploque

207 1723 308 1759 vitae
329 1723 741 1768 perceptus.—Petrus
763 1723 901 1769 Canal,
923 1723 1104 1759 sacerdos
1126 1721 1267 1768 factus,
1290 1722 1330 1757 in
1351 1722 1534 1767 patriam,
1557 1720 1788 1757 valetudinis

208 1795 344 1831 causa,
366 1785 781 1832 adit.—Clayssonius
808 1786 902 1822 dicit
928 1797 947 1822 e
975 1790 1179 1832 suggestu,
1203 1789 1374 1830 tempore
1395 1783 1788 1831 quadragesimali.—

209 1846 436 1883 Orationum
458 1858 615 1884 suarum
637 1849 817 1884 materies
839 1852 876 1884 et
899 1848 1351 1885 distributim—Fructus
1373 1847 1788 1884 collectus—Initium

151 1958 154 1959 ⁷
209 1910 363 1956 collegii
383 1910 854 1957 billomensis.-Oppida
875 1912 1187 1958 circumjacentia
1208 1911 1445 1948 excoluntur.

225 2015 322 2062 Pax
354 2016 529 2063 domini
563 2017 652 2063 Dei
685 2018 826 2063 nostri
859 2017 971 2077 Jesu
1002 2017 1171 2063 Christi
1208 2015 1409 2081 perfecta
1442 2033 1523 2062 nos
1564 2017 1705 2063 donet
1738 2015 1790 2062 li-

158 2089 342 2137 bertate.
387 2091 519 2152 Quae
559 2108 584 2137 a
620 2092 842 2154 proximis
877 2092 1015 2138 literis
1048 2091 1065 2136 ‚²
1101 2091 1338 2138 scribenda
1374 2103 1636 2147 occurrunt,
1673 2091 1787 2137 Rde.

157 2163 202 2209 in
229 2164 418 2210 Christo
445 2165 598 2223 Pater,
622 2166 964 2228 compendiaria
989 2166 1208 2212 methodo
1235 2166 1608 2229 perstringemus.
1640 2165 1787 2211 Rdus.

159 2238 295 2284 Pater
318 2238 641 2302 Hieronymus
660 2239 691 2298 ³,
718 2240 931 2286 Issiodori
957 2240 1232 2286 ecclesiastae
1253 2257 1441 2285 munere
1461 2238 1659 2295 functus,
1679 2255 1790 2302 qua-

156 2311 476 2376 dragesimam,
505 2331 594 2360 non
619 2315 713 2360 sine
737 2315 922 2377 spiritali
950 2313 1098 2377 fruge,
1123 2331 1254 2378 quae,
1281 2314 1368 2360 iam
1395 2314 1451 2360 ad
1478 2331 1667 2359 messem
1695 2330 1788 2358 ma-

158 2399 275 2443 tura,
310 2387 354 2432 in
387 2387 603 2434 horreum
639 2389 830 2435 Domini
863 2401 1126 2452 opportune
1162 2388 1460 2434 conuehenda
1491 2400 1571 2444 est,
1598 2387 1787 2450 peregit.

159 2460 295 2507 Certe
329 2461 390 2507 ob
422 2461 699 2525 singularem
733 2464 1002 2510 modestiam
1041 2480 1093 2509 ac
1126 2463 1340 2526 pietatem
1382 2462 1623 2526 insignem,
1649 2478 1789 2525 quam

214 2623 226 2648 ¹
283 2625 340 2662 Ex
365 2627 609 2673 autographo
637 2627 676 2663 in
702 2614 779 2664 ‘vot
802 2624 901 2665 Litt.
937 2623 1163 2675 Quadrim.
1192 2623 1323 2677 1556,
1345 2627 1485 2674 triplici
1515 2626 1618 2672 folio,
1641 2637 1674 2663 n.
1704 2625 1789 2670 188,

158 2689 263 2735 prius
285 2699 465 2736 270-272.

211 2750 227 2774 ²
282 2752 362 2788 Has
383 2752 545 2789 afferunt
564 2750 662 2790 Litt.
687 2749 869 2800 Quadr„
890 2757 913 2790 t.
937 2761 994 2799 lv,
1017 2763 1102 2799 pag.
1124 2762 1174 2799 39
1200 2756 1236 2788 et
1257 2752 1320 2797 64.

211 2811 226 2836 ³
282 2814 541 2862 Hieronymus
561 2814 718 2852 Bassius
739 2813 796 2865 (le
819 2814 929 2865 Bas),
953 2816 999 2851 de
1021 2826 1096 2861 quo
1118 2815 1213 2851 haec
1234 2815 1441 2861 POLANCO,
1463 2819 1488 2852 t.
1510 2823 1568 2859 VI,
1590 2824 1676 2860 pag.
1700 2814 1790 2859 488,

160 2886 196 2914 n.
216 2888 329 2922 2101,
355 2887 467 2914 2102:
491 2878 555 2915 «P.
577 2878 836 2926 Hieronymus
858 2878 1028 2924 Bassius,
1052 2889 1098 2913 ex
1119 2888 1195 2924 quo
1216 2879 1393 2914 alvernos
1416 2878 1561 2923 revisit,
1583 2877 1656 2923 piis
1678 2887 1791 2922 nego-

160 2938 224 2974 tiis
250 2949 388 2975 vacare
415 2950 491 2975 non
519 2942 727 2979 cessavit...
748 2942 936 2988 Tempore
965 2940 1292 2988 Quadragesimae
1321 2941 1431 2987 hujus
1454 2940 1541 2975 anni
1567 2939 1679 2987 1556,
1701 2939 1791 2974 Isio-

162 3000 315 3046 dorum,
337 3001 517 3048 adjuncto
539 3002 722 3049 magistro
749 3003 861 3040 Petro
883 3003 1067 3048 Chanali,
1089 3003 1406 3039 concionaturum
1435 3013 1475 3038 se
1502 3002 1682 3046 eontulit,
1705 3012 1791 3036 cum

162 3063 338 3099 maximo.
367 3064 508 3101 civium
548 3065 678 3102 favore
717 3071 753 3102 et
798 3066 1013 3104 animorum
1048 3064 1196 3112 fructu,
1234 3066 1479 3104 ecciesiastes
1518 3074 1671 3102 munere
1709 3074 1789 3113 per-

162 3124 379 3164 functus...»
