2008 3510
327 235 405 273 606
792 230 1026 269 EmsToLAE
1054 230 1382 284 MleAE—-1248

269 351 397 387 erant
421 336 688 394 transuecti3
715 352 794 383 nec
818 351 983 399 parum
1014 334 1192 382 fructus
1221 336 1327 384 inde
1357 337 1439 383 visi
1469 347 1576 384 sunt
1606 338 1816 401 carpisse.
1844 339 1901 386 Id

270 413 397 477 quod
420 423 465 458 et
487 411 668 458 cuidam
693 410 957 466 mercatori,
991 410 1140 456 eidem
1172 410 1234 457 rei
1265 411 1573 470 incumbenti,
1605 413 1789 470 accidit,
1823 415 1901 477 qui

269 489 387 545 alias,
423 486 648 533 fructibus
679 485 773 532 vitii
807 485 1026 548 agitatUS,
1052 485 1156 531 aleis
1182 485 1252 531 vel
1286 485 1333 532 id
1363 502 1506 549 genus
1537 485 1623 532 alio
1654 486 1763 533 ludo
1797 504 1901 533 cum

269 562 473 609 animum
498 559 724 624 apulisset,
752 559 858 605 haec
888 558 1043 604 omnia
1073 559 1163 604 iam
1196 558 1379 606 tandem
1412 560 1565 606 animo
1597 560 1812 617 excussit,
1844 561 1902 607 ad

270 636 600 698 Christumque
624 634 713 680 iam
739 649 873 678 suum
899 632 1026 678 flexit
1049 632 1152 689 iter;
1177 649 1233 678 ex
1256 649 1350 696 quo
1374 643 1419 679 et
1446 634 1534 694 [ad]
1569 634 1763 680 domum
1788 635 1903 681 hanc

267 723 313 757 et
342 710 444 773 [ad]
473 707 807 755 confessionem
839 706 1041 753 crebrius
1073 707 1258 754 accedit.
1294 707 1604 754 Admissimus
1637 708 1683 753 in
1713 707 1904 755 Societa-

268 795 361 830 tem
387 783 668 829 sacerdotem
686 779 933 844 quendam,
953 780 1118 826 artium
1138 790 1183 826 et
1207 780 1462 844 theologiae
1486 780 1692 827 cursibus
1717 782 1806 828 iam
1825 782 1904 829 de-

270 873 397 903 mum
426 855 602 902 exactis.
632 854 942 918 Reliquorum
968 864 1118 899 autem
1144 853 1255 899 alius
1276 854 1463 917 quidam
1484 855 1711 919 magister,
1732 856 1904 919 ample-

269 930 418 978 ctendi
444 929 717 976 coenobium
744 929 804 974 D.
834 928 1084 991 Augustini
1117 929 1339 975 desiderio
1370 928 1612 992 impulsus,
1645 929 1701 975 ab
1734 931 1904 976 exerci-

269 1004 342 1051 tiis
375 1003 596 1050 discessit:
634 1002 680 1048 id
711 1001 837 1065 quod
871 1001 1094 1064 protinUS,
1134 1001 1340 1047 animum
1371 1018 1507 1047 suum
1542 1001 1752 1065 explens,
1783 1001 1903 1050 fecit.

270 1078 365 1124 Alii
404 1093 515 1124 vero
551 1091 720 1139 magno
754 1075 992 1137 desyderio
1029 1075 1140 1121 tenti
1174 1091 1220 1121 se
1256 1086 1434 1121 nostrae
1466 1075 1673 1122 Societati
1707 1077 1904 1135 dicandi,

270 1151 477 1198 nondum
504 1161 659 1196 tamen
682 1160 790 1195 sunt
814 1149 1013 1197 admissi.

337 1225 633 1272 Potissimum
680 1223 799 1269 hisce
846 1223 1007 1269 diebus
1051 1223 1262 1286 occupati
1316 1240 1475 1270 sumus
1528 1240 1664 1287 opem
1715 1222 1905 1270 ferendo

271 1299 591 1356 morientibus;
623 1314 726 1343 nam
772 1297 872 1361 (qui
910 1314 1103 1361 magnus
1143 1298 1232 1359 est)
1266 1297 1311 1343 in
1348 1314 1430 1344 nos
1461 1297 1620 1361 populi
1657 1298 1715 1344 de
1745 1297 1827 1343 hac
1858 1313 1906 1342 re

269 1373 472 1431 affectus,
497 1372 634 1419 efficit
665 1371 821 1435 plane,
846 1382 896 1418 vt
925 1371 982 1418 ad
1013 1372 1058 1418 id
1090 1372 1260 1435 negotii
1294 1372 1546 1435 plurimum
1579 1371 1902 1436 efflagitemur;

269 1448 395 1512 quod
426 1446 497 1493 vel
530 1463 688 1492 eorum
722 1446 778 1492 ad
812 1462 894 1492 nos
923 1462 1169 1492 concursus
1198 1447 1409 1495 declarat.
1443 1447 1580 1493 Vnde
1612 1445 1820 1493 nonnulli
1851 1463 1906 1492 eo

268 1533 375 1568 sunt
398 1520 621 1567 desiderio
646 1519 809 1575 affecti,
835 1530 887 1566 vt
909 1536 1015 1565 cum
1042 1520 1238 1583 aliquem
1263 1520 1552 1567 consolamur
1581 1520 1831 1577 infirmum,
1858 1536 1904 1566 se
1966 1537 1967 1540 ¹

268 1595 512 1642 exhibeant
536 1604 808 1657 praesentes.
835 1595 1033 1640 Animos
1060 1594 1389 1641 nonnullorum
1413 1595 1729 1642 dissidentium
1754 1594 1900 1641 conci-

270 1670 495 1727 liauimus‚
520 1669 777 1732 primorum
802 1685 967 1731 nempe
991 1679 1127 1732 atque
1153 1668 1364 1726 aliorum,
1389 1669 1577 1733 litesque
1602 1685 1762 1714 eorum
1787 1668 1905 1715 dire-

271 1745 456 1792 mimus,
481 1744 708 1790 Dedimus
733 1754 963 1806 praeterea
995 1759 1182 1806 operam
1207 1754 1259 1789 vt
1282 1743 1407 1802 alios,
1444 1743 1536 1806 [in]
1573 1759 1797 1789 carcerem
1827 1742 1904 1788 de-

271 1830 437 1877 trusos,
463 1818 752 1881 eriperemus,
779 1817 905 1880 quod
936 1817 1121 1881 quidem
1152 1817 1369 1864 effectum
1400 1830 1478 1864 est.
1513 1817 1661 1880 Atqui
1692 1817 1794 1863 licet
1827 1833 1906 1863 cu-
1948 1849 1950 1851 >

271 1893 448 1939 iusdam
480 1891 642 1937 retrusi
681 1890 889 1937 debitum
925 1891 982 1938 ad
1013 1892 1349 1956 quadringenta
1383 1889 1694 1955 quadrantalia
1731 1890 1905 1936 triticea

271 1966 566 2030 pertingeret,
590 1964 800 2028 precibus
826 1976 978 2011 tamen
1002 1964 1262 2012 confectum
1289 1977 1371 2025 est,
1402 1978 1456 2012 vt
1480 1976 1630 2012 totum
1663 1965 1724 2011 illi
1748 1965 1904 2011 remit-

271 2050 456 2087 teretur.
482 2039 731 2102 Castigatio
751 2039 1110 2085 iuramentorum
1131 2057 1222 2086 non
1248 2041 1468 2104 exiguum
1489 2039 1667 2103 parauit
1684 2037 1900 2087 fructum.

273 2114 461 2161 Etenim
485 2113 711 2176 contingit
735 2129 1081 2177 nonnunquam,
1106 2126 1173 2172 vt,
1198 2114 1311 2161 dum
1343 2114 1389 2161 id
1414 2113 1587 2160 facinus
1617 2113 1902 2176 castigamus,

270 2205 363 2234 non
387 2187 528 2234 modo
552 2186 800 2250 placidum,
828 2204 986 2233 verum
1013 2199 1058 2234 et
1082 2199 1264 2252 gratum
1292 2189 1442 2247 nimis,
1469 2187 1598 2235 nobis
1620 2186 1902 2250 corripienti-

268 2261 368 2318 bus,
394 2262 600 2307 animum
625 2259 886 2308 exhibeant.

335 2336 410 2381 De
434 2333 651 2380 fratribus
675 2346 828 2380 autem
857 2334 1083 2399 reliquum
1108 2348 1176 2383 est
1199 2337 1310 2383 mihi
1335 2337 1498 2392 dicam,
1524 2352 1614 2381 non
1640 2334 1789 2381 solum
1811 2350 1902 2379 non

269 2409 491 2456 destitisse
516 2425 540 2453 a
564 2423 822 2471 pauperum
857 2408 1126 2468 ministerio,
1159 2426 1322 2456 verum
1354 2408 1678 2456 feruentiorem
1714 2423 1902 2470 operam

269 2481 567 2528 xenodochiis
616 2480 912 2544 praestitisse,
955 2483 1234 2530 consolando
1275 2499 1435 2529 eorum
1477 2498 1719 2545 paupereS,
1761 2496 1903 2543 eaque

270 2554 494 2613 faciendo,
520 2570 637 2618 quae
661 2553 746 2599 sibi
772 2552 977 2601 facienda
999 2569 1262 2604 occurrunt.
1286 2556 1424 2603 Nunc
1450 2556 1647 2602 maxime
1669 2570 1903 2617 speramus

270 2628 383 2687 fore,
409 2640 459 2675 vt
482 2629 527 2674 in
552 2627 667 2674 hanc
692 2627 855 2674 vrbem
880 2646 1067 2692 operam
1094 2642 1294 2677 nostram
1320 2642 1365 2677 et
1395 2630 1697 2676 ministerium
1723 2643 1902 2690 semper

270 2720 318 2749 ac
350 2703 493 2765 magis
523 2714 749 2764 augescat,
780 2718 885 2748 cum
918 2720 1009 2749 non
1043 2704 1192 2750 solum
1222 2705 1359 2767 ipsius
1388 2704 1611 2750 infimates
1643 2701 1902 2765 priuatique

270 2776 339 2823 alii
367 2777 450 2822 viri
474 2793 520 2822 se
544 2776 737 2822 reddant
761 2776 891 2822 nobis
916 2777 1178 2838 beneuolos,
1197 2779 1275 2826 sed
1294 2779 1537 2842 optimates
1563 2778 1645 2841 ipsi
1671 2776 1900 2823 eiusdem-

270 2867 359 2914 que
382 2850 507 2896 vrbis
531 2849 700 2913 priores
726 2849 812 2895 iam
838 2867 882 2896 se
907 2867 1119 2914 erganos
1145 2852 1466 2899 humanissime
1496 2861 1671 2915 gerant.
1706 2849 1900 2912 Episco-

270 2940 357 2987 pus
380 2923 390 2948 ¹
416 2939 613 2987 namque
645 2923 1021 2986 benignissimum
1055 2926 1402 2990 studiosumque
1436 2925 1689 2972 admodum
1722 2938 1901 2985 semper

324 3083 337 3108 ¹
395 3084 451 3121 Cf.
472 3085 677 3131 POLANCO‚
698 3087 725 3121 t.
744 3092 802 3130 Vt,
823 3095 912 3131 pag.
934 3086 1022 3135 565,
1044 3097 1081 3125 n.
1103 3098 1217 3134 2443·
1235 3087 1327 3124 Erat
1348 3090 1473 3124 autem
1494 3090 1574 3123 tum
1591 3081 1899 3123 salmanticensis
