2008 3510
733 283 781 321 25
812 271 1028 310 Ocromus
1060 283 1075 309 1
1083 283 1106 322 5
1110 271 1160 322 56
1633 269 1709 322 481

127 376 319 442 sphaerij
363 376 712 424 enarrationem.
761 376 950 434 Verum,
981 378 1088 442 quia
1116 376 1444 423 commentaria
1483 377 1678 437 Joannis
1709 377 1766 423 de

128 450 269 496 Roias
294 450 432 496 nimia
455 462 651 496 utuntur
675 450 934 513 prolixitate
958 464 1003 497 et
1021 451 1080 497 sit
1103 451 1208 496 satis
1239 451 1398 513 ingens
1426 449 1662 509 uolumen,
1693 452 1764 497 cui

128 525 211 571 sibi
237 525 547 588 comparando
572 540 667 570 non
700 542 860 571 omnes
889 525 1132 582 sufficiunt,
1158 525 1285 570 iussit
1314 525 1374 571 R.
1402 524 1454 571 P.
1480 523 1765 581 Leonardus,

126 611 263 664 atque
290 601 335 646 id
360 601 510 663 ipsum
535 599 854 646 desiderarunt
884 600 1033 658 amici,
1059 611 1111 646 ut
1141 599 1186 644 in
1217 599 1547 661 compendium
1573 616 1624 644 ea
1648 598 1766 646 redi-

126 691 303 738 gerem,
328 691 510 738 quaque
535 691 715 737 possem
751 674 975 720 breuitate
1007 687 1160 730 utens,
1195 673 1424 737 superflua
1455 690 1663 737 quaeque
1698 690 1766 719 re-

127 749 397 805 scinderem,
418 749 557 812 idque
577 748 697 811 typis
718 749 879 795 excudi
906 765 1129 806 curarem,
1148 765 1241 812 quo
1263 747 1324 793 sic
1344 747 1578 793 Societatis
1598 759 1766 794 nomen

126 823 204 870 fiat
228 825 272 870 in
301 824 592 869 uniuersitate
615 822 847 869 celebrius.
878 823 1000 886 Ego,
1026 822 1238 886 quamuis
1266 822 1421 867 malim
1447 822 1492 868 id
1517 839 1542 867 a
1572 823 1766 868 doctore

127 896 383 943 Torrensi¹
419 896 530 954 fieri,
563 897 690 959 coepi
723 908 893 953 tamen,
927 897 1212 942 obedientiae
1244 894 1575 954 satisfacturus,
1606 906 1767 958 etpro

126 971 246 1017 uotis
271 988 341 1017 res
365 971 577 1017 succedit.
746 968 747 971 ’

195 1046 426 1092 Promotis
468 1045 599 1091 nobis
628 1045 674 1091 in
707 1044 965 1107 theologiae
1003 1044 1330 1099 baccalaureQS‚
1370 1060 1580 1089 concessa
1613 1055 1680 1089 est
1719 1044 1766 1089 in

126 1120 388 1184 theologico
428 1120 582 1166 studio
624 1119 800 1182 legendi
841 1117 1046 1165 facultas.
1085 1119 1244 1180 Quare
1289 1118 1358 1164 M.
1403 1117 1640 1163 Henricus
1659 1117 1676 1141 ²
1699 1135 1766 1163 se-

125 1195 282 1257 quenti
309 1194 562 1256 septimana
587 1194 885 1256 psalmorum‚
905 1193 981 1240 M.
1000 1193 1207 1253 Joannes
1229 1192 1429 1238 Redtius
1449 1192 1671 1255 euangelij
1699 1209 1766 1237 se-

125 1268 331 1315 cundum
358 1268 649 1323 Mathaeum,
674 1277 720 1312 et
743 1284 831 1330 ego
856 1278 960 1330 post
991 1267 1088 1313 dies
1119 1267 1293 1329 aliquot
1319 1265 1420 1311 libri
1451 1266 1659 1329 genesios
1689 1282 1767 1311 ex-

127 1341 434 1410 planatipnem
453 1341 762 1403 suscipiemus.
784 1340 1014 1402 Quocirca
1029 1340 1087 1387 ad
1105 1340 1272 1386 artium
1293 1339 1660 1399 explanationem
1680 1340 1766 1384 eri—

127 1413 230 1462 mus
255 1415 407 1461 minus
431 1415 598 1462 idonei.
639 1415 711 1460 M.
751 1414 990 1460 Henricus
1022 1415 1160 1470 enim,
1186 1427 1364 1476 praeter
1396 1413 1674 1476 theologicas
1706 1413 1765 1459 le-

124 1489 313 1547 ctiones,
339 1490 578 1536 dominicis
601 1488 762 1536 diebus
794 1489 984 1552 singulis
1010 1489 1251 1534 conciones
1276 1488 1415 1534 habet
1439 1488 1495 1534 ad
1522 1488 1763 1550 populum,

125 1581 240 1628 quas
264 1564 444 1610 easdem
469 1562 576 1609 facit
601 1563 673 1609 M.
699 1563 903 1622 Joannes
936 1562 1096 1609 diebus
1121 1561 1311 1616 festinis,
1340 1562 1418 1625 qui
1450 1574 1603 1607 tamen
1638 1578 1762 1624 prae-

126 1650 248 1684 terea
266 1638 323 1684 ad
344 1638 588 1683 rhetorices
606 1637 1030 1700 interpretationem
1047 1636 1231 1683 uidetur
1250 1634 1349 1681 fore
1365 1635 1635 1698 aptissimus.
1660 1635 1765 1698 Ego

126 1711 410 1775 theologicae
436 1712 614 1758 lectioni
634 1712 911 1774 coniungam
939 1710 1325 1767 mathematicam,
1346 1709 1474 1773 quod
1494 1709 1567 1755 illa
1589 1710 1760 1755 studio-

126 1803 284 1832 sorum
309 1787 485 1832 animos
509 1785 760 1849 plurimum
787 1785 1000 1842 oblectet,
1025 1785 1266 1830 additurus
1290 1801 1374 1829 suo
1399 1794 1622 1845 tempore,
1642 1783 1677 1828 si
1703 1783 1764 1828 ita

123 1875 196 1905 res
214 1860 476 1922 expostulet
493 1871 539 1904 et
556 1859 817 1905 reuerendis
840 1858 1054 1905 Patribus
1075 1858 1239 1904 nostris
1260 1858 1485 1915 uideatur,
1505 1856 1762 1902 hebraicam

124 1932 345 1996 linguam;
371 1945 507 1996 atque
532 1950 583 1979 ea
607 1933 781 1979 ratione
801 1933 952 1979 nullus
980 1933 1081 1990 erit,
1107 1932 1186 1996 qui
1221 1949 1267 1978 se
1300 1944 1453 1978 totum
1486 1932 1628 1994 possit
1662 1931 1763 1994 phi-

176 2070 190 2096 ¹
247 2074 289 2110 P.
313 2074 518 2110 Balthasar
537 2074 584 2109 de
605 2073 754 2118 Torres,
779 2074 826 2108 de
847 2083 924 2119 quo
945 2077 982 2108 et
1008 2073 1055 2108 de
1082 2072 1371 2118 planisphaerio
1397 2072 1558 2108 Joannis
1584 2073 1630 2108 de
1649 2073 1763 2118 Rojas

121 2139 242 2181 agunt
266 2132 402 2185 Epist.
430 2132 611 2181 Mixtae,
634 2139 659 2171 t.
687 2144 746 2180 lv,
774 2146 860 2181 pag.
889 2136 978 2182 389.
1010 2135 1095 2170 Jam
1121 2146 1226 2179 vero,
1256 2135 1325 2172 «D.
1356 2135 1525 2171 Joannes
1558 2135 1604 2170 de
1633 2135 1763 2171 Roxas

122 2196 354 2240 Sarmient0‚
374 2197 530 2233 Ioannis
550 2199 597 2240 de
618 2198 757 2242 Roxas,
781 2198 890 2244 primi
914 2198 1153 2234 Marchionis
1174 2195 1226 2234 de
1246 2195 1375 2242 Poza,
1403 2197 1653 2243 Marinaeque
1674 2197 1762 2234 Sar-

121 2259 277 2304 miento,
299 2259 461 2296 Comitis
482 2261 530 2296 de
550 2256 726 2298 Salinas
747 2265 783 2295 et
802 2257 998 2298 Ribadeo
1023 2264 1148 2305 natae,
1169 2260 1283 2304 filius,
1305 2260 1444 2296 studiis
1464 2260 1688 2295 liberalibus
1707 2260 1760 2295 ita

119 2320 305 2365 incubuit,
326 2325 368 2356 ut
387 2320 686 2367 Episcopalibus
706 2322 838 2358 infulis
854 2323 935 2369 jam
956 2323 1225 2366 destinaretur,
1247 2333 1333 2358 cum
1355 2322 1535 2359 Carolum
1553 2323 1760 2368 Imperato-

118 2393 197 2419 rem
219 2387 286 2419 aut
304 2383 524 2430 Philippum
544 2384 814 2430 Hispaniarum
832 2385 1047 2431 Principem
1065 2385 1103 2421 in
1119 2385 1295 2432 Belgium
1317 2389 1514 2431 sequutus,
1536 2385 1697 2420 Lovanii
1719 2385 1757 2420 in

118 2444 405 2480 Mathematicis
433 2446 616 2482 Gemmae
645 2446 770 2482 Frisio
798 2457 955 2492 operam
981 2447 1105 2492 dedit,
1127 2451 1388 2494 avocatusque
1417 2448 1465 2482 ab
1494 2448 1632 2483 studiis
1659 2448 1758 2493 aliis,

119 2511 288 2542 armatae
310 2508 469 2543 militiae
492 2519 533 2544 se
555 2519 595 2544 se
617 2509 795 2554 accinxit,
819 2509 1098 2555 Valentiaeque
1119 2510 1157 2545 in
1185 2510 1309 2546 reditu
1330 2520 1489 2545 uxorem
1517 2510 1637 2546 duxit.
1660 2509 1758 2556 Qui-

118 2569 207 2604 dam
228 2569 265 2604 in
286 2569 489 2605 Thraciam
517 2570 731 2616 profectum
754 2571 915 2616 periisse
937 2557 1621 2608 commemorant]Instructissimam
1649 2572 1756 2607 libris

118 2630 399 2667 Bibliothecam
420 2633 586 2678 reliquit,
608 2623 834 2678 praesertim
856 2634 1138 2679 manuscriptis.
1160 2634 1265 2670 Haec
1288 2634 1363 2669 fere
1393 2634 1567 2669 Andreas
1589 2633 1755 2670 Schotus

118 2693 158 2728 in
185 2690 459 2731 Bibliotheca.
488 2695 531 2730 In
557 2695 828 2731 mathematica
849 2695 1089 2741 professione
1116 2696 1173 2732 sic
1198 2696 1295 2731 bene
1321 2696 1437 2731 horas
1469 2696 1692 2741 collocavit,
1713 2700 1755 2731 ut

117 2755 156 2791 in
176 2756 371 2801 publicum
399 2757 567 2792 emiserit
596 2755 957 2796 Commentarium
984 2755 1027 2795 in
1059 2755 1363 2803 Astrolabium,
1393 2754 1508 2807 quod
1530 2754 1755 2807 Planisfe—

116 2815 230 2856 rium
250 2821 410 2856 vocant.
431 2819 606 2856 Lutetiae
627 2807 862 2856 Parisiorum
880 2831 982 2856 anno
1000 2828 1114 2867 1551,
1129 2820 1167 2855 in
1188 2833 1250 2864 4».
1265 2819 1353 2856 NIC.
1376 2819 1577 2862 ANTONIO,
1594 2816 1753 2855 Biblio-

116 2878 235 2927 theca
265 2877 464 2930 Hispana
495 2892 623 2928 nova,
658 2887 682 2919 t.
718 2891 744 2928 1,
778 2894 864 2929 pag.
901 2892 991 2930 591,
1024 2883 1088 2928 qui
1121 2883 1196 2918 alia
1230 2883 1400 2929 ejusdem
1435 2881 1602 2917 auctoris
1634 2891 1751 2926 opera

114 2947 299 2978 recenset.

167 3000 185 3026 ²
240 3004 383 3040 «Henri
410 3004 556 3051 Denys,
583 3004 631 3041 ne'
652 3010 671 3041 a
691 3006 878 3052 Nimegue
905 3004 1129 3055 (Gueldre);
1156 3006 1279 3042 admis
1300 3003 1322 3041 a
1348 3005 1523 3041 Louvain
1558 3014 1604 3039 en
1634 3012 1748 3051 1552,

115 3069 214 3101 mort
234 3069 254 3100 a
274 3066 502 3102 Maestricht
521 3067 556 3103 le
577 3067 599 3104 8
620 3069 828 3104 novembre
852 3078 966 3116 1571;
989 3069 1014 3104 il
1035 3067 1091 3103 fut
1117 3072 1266 3103 recteur
1286 3072 1306 3102 a
1329 3067 1522 3111 Dillingen
1544 3069 1581 3101 et
1601 3068 1620 3100 a
1642 3065 1746 3101 Mae-

114 3127 287 3164 stricht».
310 3128 544 3174 DELPLACE,
566 3126 611 3166 L’
627 3127 940 3168 e'tablz‘ssement
956 3129 1008 3168 de
1027 3128 1071 3167 la
1086 3127 1349 3180 Compagnz'e
1370 3126 1421 3166 de
1439 3125 1578 3173 Je'sus,
1599 3138 1685 3174 pag.
1709 3139 1745 3171 4·

239 3207 414 3238 EmsTotAt
439 3207 593 3246 Mixa-At,
616 3218 699 3240 τοΜ.
723 3220 754 3241 v.
1581 3215 1614 3246 3¹
