<?xml version="1.0" encoding="UTF-8"?>
<!DOCTYPE html PUBLIC "-//W3C//DTD XHTML 1.0 Transitional//EN"
    "http://www.w3.org/TR/xhtml1/DTD/xhtml1-transitional.dtd">
<html xmlns="http://www.w3.org/1999/xhtml" xml:lang="en" lang="en">
 <head>
  <title>
</title>
<meta http-equiv="Content-Type" content="text/html;charset=utf-8" />
  <meta name='ocr-system' content='tesseract 3.04.00' />
  <meta name='ocr-capabilities' content='ocr_page ocr_carea ocr_par ocr_line ocrx_word'/>
</head>
<body>
  <div class='ocr_page' id='page_1' title='image "./epistolaemixtaee05matruoft_0611.png"; bbox 0 0 2008 3510; ppageno 0'>
   <div class='ocr_carea' id='block_1_1' title="bbox 702 254 1693 307">
    <p class='ocr_par' dir='ltr' id='par_1_1' title="bbox 702 254 1693 307">
     <span class='ocr_line' id='line_1_1' title="bbox 702 254 1693 307; baseline -0.002 -13"><span class='ocrx_word' id='word_1_1' title='bbox 702 269 724 307; x_wconf 90' lang='lat'>3</span> <span class='ocrx_word' id='word_1_2' title='bbox 733 267 748 293; x_wconf 92' lang='lat'>1</span> <span class='ocrx_word' id='word_1_3' title='bbox 782 255 1028 294; x_wconf 73' lang='lat' dir='ltr'>DEcEMBms</span> <span class='ocrx_word' id='word_1_4' title='bbox 1060 267 1076 293; x_wconf 94' lang='lat'>1</span> <span class='ocrx_word' id='word_1_5' title='bbox 1084 255 1162 306; x_wconf 89' lang='lat'>556</span> <span class='ocrx_word' id='word_1_6' title='bbox 1617 254 1693 306; x_wconf 89' lang='lat'>605</span> 
     </span>
    </p>
   </div>
   <div class='ocr_carea' id='block_1_2' title="bbox 54 360 1752 3009">
    <p class='ocr_par' dir='ltr' id='par_1_2' title="bbox 119 360 1752 485">
     <span class='ocr_line' id='line_1_2' title="bbox 119 360 1752 425; baseline -0.002 -14"><span class='ocrx_word' id='word_1_7' title='bbox 119 362 250 411; x_wconf 92' lang='lat' dir='ltr'>nobis</span> <span class='ocrx_word' id='word_1_8' title='bbox 272 363 414 409; x_wconf 90' lang='lat' dir='ltr'>inesse</span> <span class='ocrx_word' id='word_1_9' title='bbox 436 377 545 408; x_wconf 86' lang='lat' dir='ltr'>cura</span> <span class='ocrx_word' id='word_1_10' title='bbox 567 360 716 418; x_wconf 91' lang='lat' dir='ltr'>debet,</span> <span class='ocrx_word' id='word_1_11' title='bbox 743 372 844 408; x_wconf 91' lang='lat' dir='ltr'>tum</span> <span class='ocrx_word' id='word_1_12' title='bbox 868 362 1003 408; x_wconf 86' lang='lat' dir='ltr'>etiam</span> <span class='ocrx_word' id='word_1_13' title='bbox 1028 371 1218 425; x_wconf 89' lang='lat' dir='ltr'>propter</span> <span class='ocrx_word' id='word_1_14' title='bbox 1248 377 1314 418; x_wconf 88' lang='lat' dir='ltr'>ea,</span> <span class='ocrx_word' id='word_1_15' title='bbox 1338 377 1454 425; x_wconf 91' lang='lat' dir='ltr'>quae</span> <span class='ocrx_word' id='word_1_16' title='bbox 1485 360 1539 407; x_wconf 90' lang='lat' dir='ltr'>P.</span> <span class='ocrx_word' id='word_1_17' title='bbox 1567 360 1752 407; x_wconf 82' lang='lat' dir='ltr'>Franci-</span> 
     </span>
     <span class='ocr_line' id='line_1_3' title="bbox 119 435 804 485; baseline -0.001 -1"><span class='ocrx_word' id='word_1_18' title='bbox 119 454 219 485; x_wconf 90' lang='lat' dir='ltr'>scus</span> <span class='ocrx_word' id='word_1_19' title='bbox 241 436 439 483; x_wconf 87' lang='lat' dir='ltr'>subdere</span> <span class='ocrx_word' id='word_1_20' title='bbox 461 435 649 482; x_wconf 91' lang='lat' dir='ltr'>calcaria</span> <span class='ocrx_word' id='word_1_21' title='bbox 672 435 804 483; x_wconf 90' lang='lat' dir='ltr'>solet.</span> 
     </span>
    </p>

    <p class='ocr_par' dir='ltr' id='par_1_3' title="bbox 54 506 1750 1680">
     <span class='ocr_line' id='line_1_4' title="bbox 185 506 1750 573; baseline -0.002 -17"><span class='ocrx_word' id='word_1_22' title='bbox 185 510 508 573; x_wconf 72' lang='lat' dir='ltr'>Quadraginta</span> <span class='ocrx_word' id='word_1_23' title='bbox 532 509 616 555; x_wconf 91' lang='lat' dir='ltr'>illis</span> <span class='ocrx_word' id='word_1_24' title='bbox 639 508 800 555; x_wconf 91' lang='lat' dir='ltr'>diebus</span> <span class='ocrx_word' id='word_1_25' title='bbox 824 519 927 554; x_wconf 90' lang='lat' dir='ltr'>ante</span> <span class='ocrx_word' id='word_1_26' title='bbox 952 506 1122 554; x_wconf 90' lang='lat' dir='ltr'>festum</span> <span class='ocrx_word' id='word_1_27' title='bbox 1146 508 1265 554; x_wconf 88' lang='lat' dir='ltr'>beati</span> <span class='ocrx_word' id='word_1_28' title='bbox 1296 508 1473 566; x_wconf 86' lang='lat' dir='ltr'>Lucae,</span> <span class='ocrx_word' id='word_1_29' title='bbox 1504 507 1670 570; x_wconf 93' lang='lat' dir='ltr'>quibus</span> <span class='ocrx_word' id='word_1_30' title='bbox 1693 507 1750 554; x_wconf 88' lang='lat' dir='ltr'>ab</span> 
     </span>
     <span class='ocr_line' id='line_1_5' title="bbox 119 582 1750 646; baseline -0.002 -14"><span class='ocrx_word' id='word_1_31' title='bbox 119 585 277 632; x_wconf 91' lang='lat' dir='ltr'>studiis</span> <span class='ocrx_word' id='word_1_32' title='bbox 306 583 454 630; x_wconf 87' lang='lat' dir='ltr'>vacari</span> <span class='ocrx_word' id='word_1_33' title='bbox 488 600 588 630; x_wconf 90' lang='lat' dir='ltr'>mos</span> <span class='ocrx_word' id='word_1_34' title='bbox 623 593 711 640; x_wconf 89' lang='lat' dir='ltr'>est,</span> <span class='ocrx_word' id='word_1_35' title='bbox 745 582 1055 646; x_wconf 81' lang='lat' dir='ltr'>spiritualibus</span> <span class='ocrx_word' id='word_1_36' title='bbox 1085 582 1427 646; x_wconf 86' lang='lat' dir='ltr'>humilibusque</span> <span class='ocrx_word' id='word_1_37' title='bbox 1458 582 1614 628; x_wconf 89' lang='lat' dir='ltr'>officiis</span> <span class='ocrx_word' id='word_1_38' title='bbox 1647 582 1750 645; x_wconf 90' lang='lat' dir='ltr'>plus</span> 
     </span>
     <span class='ocr_line' id='line_1_6' title="bbox 119 657 1749 721; baseline -0.002 -16"><span class='ocrx_word' id='word_1_39' title='bbox 119 659 252 705; x_wconf 90' lang='lat' dir='ltr'>solito</span> <span class='ocrx_word' id='word_1_40' title='bbox 278 657 440 704; x_wconf 89' lang='lat' dir='ltr'>fratres</span> <span class='ocrx_word' id='word_1_41' title='bbox 463 668 695 705; x_wconf 89' lang='lat' dir='ltr'>vacarunt.</span> <span class='ocrx_word' id='word_1_42' title='bbox 721 658 905 704; x_wconf 87' lang='lat' dir='ltr'>Deinde</span> <span class='ocrx_word' id='word_1_43' title='bbox 934 669 1085 704; x_wconf 90' lang='lat' dir='ltr'>autem</span> <span class='ocrx_word' id='word_1_44' title='bbox 1112 658 1288 714; x_wconf 90' lang='lat' dir='ltr'>eodem,</span> <span class='ocrx_word' id='word_1_45' title='bbox 1314 674 1407 721; x_wconf 92' lang='lat' dir='ltr'>quo</span> <span class='ocrx_word' id='word_1_46' title='bbox 1431 668 1560 703; x_wconf 90' lang='lat' dir='ltr'>antea</span> <span class='ocrx_word' id='word_1_47' title='bbox 1582 658 1749 703; x_wconf 86' lang='lat' dir='ltr'>exerci-</span> 
     </span>
     <span class='ocr_line' id='line_1_7' title="bbox 119 731 1750 795; baseline -0.002 -16"><span class='ocrx_word' id='word_1_48' title='bbox 119 733 198 790; x_wconf 93' lang='lat' dir='ltr'>tio,</span> <span class='ocrx_word' id='word_1_49' title='bbox 218 733 444 779; x_wconf 91' lang='lat' dir='ltr'>virtutum</span> <span class='ocrx_word' id='word_1_50' title='bbox 465 731 688 795; x_wconf 90' lang='lat' dir='ltr'>profectui</span> <span class='ocrx_word' id='word_1_51' title='bbox 714 732 914 788; x_wconf 88' lang='lat' dir='ltr'>student,</span> <span class='ocrx_word' id='word_1_52' title='bbox 938 732 1220 778; x_wconf 89' lang='lat' dir='ltr'>obedientiae</span> <span class='ocrx_word' id='word_1_53' title='bbox 1245 747 1408 794; x_wconf 88' lang='lat' dir='ltr'>nempe</span> <span class='ocrx_word' id='word_1_54' title='bbox 1432 747 1480 776; x_wconf 90' lang='lat' dir='ltr'>ac</span> <span class='ocrx_word' id='word_1_55' title='bbox 1506 731 1750 777; x_wconf 87' lang='lat' dir='ltr'>mortifica—</span> 
     </span>
     <span class='ocr_line' id='line_1_8' title="bbox 120 804 1747 869; baseline -0.001 -17"><span class='ocrx_word' id='word_1_56' title='bbox 120 807 230 852; x_wconf 91' lang='lat' dir='ltr'>tioni</span> <span class='ocrx_word' id='word_1_57' title='bbox 255 806 334 852; x_wconf 89' lang='lat' dir='ltr'>has</span> <span class='ocrx_word' id='word_1_58' title='bbox 358 806 475 869; x_wconf 87' lang='lat' dir='ltr'>ipsas</span> <span class='ocrx_word' id='word_1_59' title='bbox 501 805 560 852; x_wconf 91' lang='lat' dir='ltr'>illi</span> <span class='ocrx_word' id='word_1_60' title='bbox 588 806 731 868; x_wconf 91' lang='lat' dir='ltr'>magis</span> <span class='ocrx_word' id='word_1_61' title='bbox 750 822 799 851; x_wconf 90' lang='lat' dir='ltr'>ac</span> <span class='ocrx_word' id='word_1_62' title='bbox 816 806 960 867; x_wconf 89' lang='lat' dir='ltr'>magis</span> <span class='ocrx_word' id='word_1_63' title='bbox 977 817 1204 852; x_wconf 90' lang='lat' dir='ltr'>conantes.</span> <span class='ocrx_word' id='word_1_64' title='bbox 1226 806 1280 851; x_wconf 90' lang='lat' dir='ltr'>In</span> <span class='ocrx_word' id='word_1_65' title='bbox 1300 804 1462 851; x_wconf 90' lang='lat' dir='ltr'>studiis</span> <span class='ocrx_word' id='word_1_66' title='bbox 1480 804 1747 851; x_wconf 84' lang='lat' dir='ltr'>exercitium</span> 
     </span>
     <span class='ocr_line' id='line_1_9' title="bbox 120 877 1748 943; baseline 0 -18"><span class='ocrx_word' id='word_1_67' title='bbox 120 880 241 926; x_wconf 92' lang='lat' dir='ltr'>idem</span> <span class='ocrx_word' id='word_1_68' title='bbox 260 878 354 926; x_wconf 88' lang='lat' dir='ltr'>fere</span> <span class='ocrx_word' id='word_1_69' title='bbox 373 896 559 942; x_wconf 90' lang='lat' dir='ltr'>prorsus</span> <span class='ocrx_word' id='word_1_70' title='bbox 583 890 664 936; x_wconf 90' lang='lat' dir='ltr'>est,</span> <span class='ocrx_word' id='word_1_71' title='bbox 683 880 810 943; x_wconf 91' lang='lat' dir='ltr'>quod</span> <span class='ocrx_word' id='word_1_72' title='bbox 828 879 1033 926; x_wconf 90' lang='lat' dir='ltr'>habitum</span> <span class='ocrx_word' id='word_1_73' title='bbox 1056 881 1269 926; x_wconf 90' lang='lat' dir='ltr'>hactenus</span> <span class='ocrx_word' id='word_1_74' title='bbox 1293 878 1453 937; x_wconf 90' lang='lat' dir='ltr'>fuerat,</span> <span class='ocrx_word' id='word_1_75' title='bbox 1472 877 1748 942; x_wconf 90' lang='lat' dir='ltr'>eaedemque</span> 
     </span>
     <span class='ocr_line' id='line_1_10' title="bbox 119 952 1747 1017; baseline -0.001 -19"><span class='ocrx_word' id='word_1_76' title='bbox 119 953 344 999; x_wconf 85' lang='lat' dir='ltr'>habentur</span> <span class='ocrx_word' id='word_1_77' title='bbox 369 953 563 999; x_wconf 90' lang='lat' dir='ltr'>vicissim</span> <span class='ocrx_word' id='word_1_78' title='bbox 590 953 902 1000; x_wconf 86' lang='lat' dir='ltr'>conclusiones</span> <span class='ocrx_word' id='word_1_79' title='bbox 925 954 1113 1017; x_wconf 91' lang='lat' dir='ltr'>singulis</span> <span class='ocrx_word' id='word_1_80' title='bbox 1136 952 1390 1011; x_wconf 88' lang='lat' dir='ltr'>dominicis,</span> <span class='ocrx_word' id='word_1_81' title='bbox 1415 969 1535 998; x_wconf 91' lang='lat' dir='ltr'>nunc</span> <span class='ocrx_word' id='word_1_82' title='bbox 1560 952 1747 1015; x_wconf 91' lang='lat' dir='ltr'>quidem</span> 
     </span>
     <span class='ocr_line' id='line_1_11' title="bbox 120 1025 1749 1091; baseline -0.001 -19"><span class='ocrx_word' id='word_1_83' title='bbox 120 1027 303 1084; x_wconf 87' lang='lat' dir='ltr'>artium,</span> <span class='ocrx_word' id='word_1_84' title='bbox 328 1043 439 1073; x_wconf 86' lang='lat' dir='ltr'>mox</span> <span class='ocrx_word' id='word_1_85' title='bbox 462 1043 573 1073; x_wconf 90' lang='lat' dir='ltr'>vero</span> <span class='ocrx_word' id='word_1_86' title='bbox 597 1026 877 1090; x_wconf 88' lang='lat' dir='ltr'>theologiae,</span> <span class='ocrx_word' id='word_1_87' title='bbox 908 1026 991 1073; x_wconf 93' lang='lat' dir='ltr'>soli</span> <span class='ocrx_word' id='word_1_88' title='bbox 1022 1044 1219 1091; x_wconf 91' lang='lat' dir='ltr'>namque</span> <span class='ocrx_word' id='word_1_89' title='bbox 1249 1026 1451 1089; x_wconf 88' lang='lat' dir='ltr'>theologi</span> <span class='ocrx_word' id='word_1_90' title='bbox 1482 1025 1749 1072; x_wconf 90' lang='lat' dir='ltr'>lectionibus</span> 
     </span>
     <span class='ocr_line' id='line_1_12' title="bbox 119 1099 1746 1164; baseline 0 -18"><span class='ocrx_word' id='word_1_91' title='bbox 119 1099 408 1147; x_wconf 89' lang='lat' dir='ltr'>conferendis</span> <span class='ocrx_word' id='word_1_92' title='bbox 433 1117 570 1146; x_wconf 89' lang='lat' dir='ltr'>vnam</span> <span class='ocrx_word' id='word_1_93' title='bbox 596 1101 835 1147; x_wconf 90' lang='lat' dir='ltr'>insumunt</span> <span class='ocrx_word' id='word_1_94' title='bbox 866 1102 1043 1158; x_wconf 89' lang='lat' dir='ltr'>horam,</span> <span class='ocrx_word' id='word_1_95' title='bbox 1067 1101 1185 1147; x_wconf 88' lang='lat' dir='ltr'>vltra</span> <span class='ocrx_word' id='word_1_96' title='bbox 1207 1117 1324 1159; x_wconf 91' lang='lat' dir='ltr'>eam,</span> <span class='ocrx_word' id='word_1_97' title='bbox 1349 1116 1487 1164; x_wconf 92' lang='lat' dir='ltr'>quam</span> <span class='ocrx_word' id='word_1_98' title='bbox 1513 1111 1642 1146; x_wconf 92' lang='lat' dir='ltr'>antea</span> <span class='ocrx_word' id='word_1_99' title='bbox 1665 1100 1746 1146; x_wconf 89' lang='lat' dir='ltr'>eis-</span> 
     </span>
     <span class='ocr_line' id='line_1_13' title="bbox 119 1172 1748 1238; baseline 0 -19"><span class='ocrx_word' id='word_1_100' title='bbox 119 1173 224 1220; x_wconf 91' lang='lat' dir='ltr'>dem</span> <span class='ocrx_word' id='word_1_101' title='bbox 258 1174 547 1219; x_wconf 89' lang='lat' dir='ltr'>insumebant</span> <span class='ocrx_word' id='word_1_102' title='bbox 576 1172 885 1230; x_wconf 88' lang='lat' dir='ltr'>conferentiis,</span> <span class='ocrx_word' id='word_1_103' title='bbox 916 1174 1289 1238; x_wconf 89' lang='lat' dir='ltr'>praeuidentque.</span> <span class='ocrx_word' id='word_1_104' title='bbox 1314 1173 1448 1219; x_wconf 89' lang='lat' dir='ltr'>Vltra</span> <span class='ocrx_word' id='word_1_105' title='bbox 1478 1173 1585 1219; x_wconf 91' lang='lat' dir='ltr'>haec</span> <span class='ocrx_word' id='word_1_106' title='bbox 1621 1189 1748 1236; x_wconf 91' lang='lat' dir='ltr'>repe-</span> 
     </span>
     <span class='ocr_line' id='line_1_14' title="bbox 120 1247 1749 1311; baseline -0.001 -18"><span class='ocrx_word' id='word_1_107' title='bbox 120 1259 225 1293; x_wconf 90' lang='lat' dir='ltr'>tunt</span> <span class='ocrx_word' id='word_1_108' title='bbox 254 1248 390 1294; x_wconf 89' lang='lat' dir='ltr'>etiam</span> <span class='ocrx_word' id='word_1_109' title='bbox 420 1247 652 1306; x_wconf 91' lang='lat' dir='ltr'>lectiones,</span> <span class='ocrx_word' id='word_1_110' title='bbox 690 1247 856 1311; x_wconf 91' lang='lat' dir='ltr'>quibus</span> <span class='ocrx_word' id='word_1_111' title='bbox 888 1248 1074 1311; x_wconf 91' lang='lat' dir='ltr'>quidem</span> <span class='ocrx_word' id='word_1_112' title='bbox 1114 1248 1159 1294; x_wconf 90' lang='lat' dir='ltr'>in</span> <span class='ocrx_word' id='word_1_113' title='bbox 1198 1247 1333 1294; x_wconf 91' lang='lat' dir='ltr'>rebus</span> <span class='ocrx_word' id='word_1_114' title='bbox 1363 1247 1486 1293; x_wconf 89' lang='lat' dir='ltr'>nulla</span> <span class='ocrx_word' id='word_1_115' title='bbox 1516 1247 1749 1293; x_wconf 89' lang='lat' dir='ltr'>suboritur</span> 
     </span>
     <span class='ocr_line' id='line_1_15' title="bbox 119 1321 1746 1385; baseline -0.001 -17"><span class='ocrx_word' id='word_1_116' title='bbox 119 1321 343 1381; x_wconf 90' lang='lat' dir='ltr'>confusio,</span> <span class='ocrx_word' id='word_1_117' title='bbox 368 1322 462 1368; x_wconf 92' lang='lat' dir='ltr'>imo</span> <span class='ocrx_word' id='word_1_118' title='bbox 487 1322 619 1384; x_wconf 91' lang='lat' dir='ltr'>plane</span> <span class='ocrx_word' id='word_1_119' title='bbox 644 1338 838 1385; x_wconf 90' lang='lat' dir='ltr'>magnus</span> <span class='ocrx_word' id='word_1_120' title='bbox 862 1323 992 1369; x_wconf 74' lang='lat' dir='ltr'>ordo,</span> <span class='ocrx_word' id='word_1_121' title='bbox 1017 1323 1129 1384; x_wconf 72' lang='lat' dir='ltr'>Qui,</span> <span class='ocrx_word' id='word_1_122' title='bbox 1153 1334 1206 1368; x_wconf 89' lang='lat' dir='ltr'>vt</span> <span class='ocrx_word' id='word_1_123' title='bbox 1229 1322 1443 1368; x_wconf 88' lang='lat' dir='ltr'>ministris</span> <span class='ocrx_word' id='word_1_124' title='bbox 1466 1322 1602 1368; x_wconf 86' lang='lat' dir='ltr'>etiam</span> <span class='ocrx_word' id='word_1_125' title='bbox 1628 1321 1746 1380; x_wconf 90' lang='lat' dir='ltr'>insit,</span> 
     </span>
     <span class='ocr_line' id='line_1_16' title="bbox 119 1395 1747 1459; baseline 0 -18"><span class='ocrx_word' id='word_1_126' title='bbox 119 1413 332 1442; x_wconf 86' lang='lat' dir='ltr'>curamus</span> <span class='ocrx_word' id='word_1_127' title='bbox 356 1396 624 1454; x_wconf 90' lang='lat' dir='ltr'>admodum,</span> <span class='ocrx_word' id='word_1_128' title='bbox 650 1406 832 1459; x_wconf 89' lang='lat' dir='ltr'>tempus</span> <span class='ocrx_word' id='word_1_129' title='bbox 861 1397 1001 1442; x_wconf 88' lang='lat' dir='ltr'>totius</span> <span class='ocrx_word' id='word_1_130' title='bbox 1030 1396 1118 1443; x_wconf 91' lang='lat' dir='ltr'>diei</span> <span class='ocrx_word' id='word_1_131' title='bbox 1148 1396 1231 1442; x_wconf 87' lang='lat' dir='ltr'>illis</span> <span class='ocrx_word' id='word_1_132' title='bbox 1256 1395 1615 1459; x_wconf 88' lang='lat' dir='ltr'>praescribendo,</span> <span class='ocrx_word' id='word_1_133' title='bbox 1643 1412 1747 1442; x_wconf 90' lang='lat' dir='ltr'>suae</span> 
     </span>
     <span class='ocr_line' id='line_1_17' title="bbox 118 1469 1748 1533; baseline 0.001 -18"><span class='ocrx_word' id='word_1_134' title='bbox 118 1470 282 1533; x_wconf 93' lang='lat' dir='ltr'>cuique</span> <span class='ocrx_word' id='word_1_135' title='bbox 315 1486 479 1532; x_wconf 89' lang='lat' dir='ltr'>operae</span> <span class='ocrx_word' id='word_1_136' title='bbox 513 1469 847 1532; x_wconf 90' lang='lat' dir='ltr'>applicandum.</span> <span class='ocrx_word' id='word_1_137' title='bbox 882 1469 1146 1516; x_wconf 91' lang='lat' dir='ltr'>Nonnullos</span> <span class='ocrx_word' id='word_1_138' title='bbox 1176 1469 1262 1516; x_wconf 93' lang='lat' dir='ltr'>hoc</span> <span class='ocrx_word' id='word_1_139' title='bbox 1298 1480 1506 1532; x_wconf 91' lang='lat' dir='ltr'>tempore</span> <span class='ocrx_word' id='word_1_140' title='bbox 1543 1469 1748 1516; x_wconf 90' lang='lat' dir='ltr'>infirmos</span> 
     </span>
     <span class='ocr_line' id='line_1_18' title="bbox 54 1542 1748 1606; baseline -0.001 -17"><span class='ocrx_word' id='word_1_141' title='bbox 54 1568 55 1571; x_wconf 57' lang='lat'><em>=</em></span> <span class='ocrx_word' id='word_1_142' title='bbox 119 1543 386 1603; x_wconf 88' lang='lat' dir='ltr'>habuimus,</span> <span class='ocrx_word' id='word_1_143' title='bbox 421 1542 591 1589; x_wconf 88' lang='lat' dir='ltr'>debiles</span> <span class='ocrx_word' id='word_1_144' title='bbox 621 1554 774 1589; x_wconf 90' lang='lat' dir='ltr'>autem</span> <span class='ocrx_word' id='word_1_145' title='bbox 800 1543 962 1605; x_wconf 91' lang='lat' dir='ltr'>plures.</span> <span class='ocrx_word' id='word_1_146' title='bbox 998 1543 1053 1589; x_wconf 94' lang='lat' dir='ltr'>In</span> <span class='ocrx_word' id='word_1_147' title='bbox 1086 1543 1335 1606; x_wconf 88' lang='lat' dir='ltr'>praesentia</span> <span class='ocrx_word' id='word_1_148' title='bbox 1364 1559 1474 1589; x_wconf 89' lang='lat' dir='ltr'>vero</span> <span class='ocrx_word' id='word_1_149' title='bbox 1506 1542 1600 1589; x_wconf 92' lang='lat' dir='ltr'>duo</span> <span class='ocrx_word' id='word_1_150' title='bbox 1633 1542 1748 1588; x_wconf 90' lang='lat' dir='ltr'>male</span> 
     </span>
     <span class='ocr_line' id='line_1_19' title="bbox 121 1616 1073 1680; baseline 0.001 -18"><span class='ocrx_word' id='word_1_151' title='bbox 121 1616 304 1673; x_wconf 89' lang='lat' dir='ltr'>habent,</span> <span class='ocrx_word' id='word_1_152' title='bbox 330 1633 529 1680; x_wconf 89' lang='lat' dir='ltr'>quorum</span> <span class='ocrx_word' id='word_1_153' title='bbox 557 1616 674 1662; x_wconf 90' lang='lat' dir='ltr'>vitae</span> <span class='ocrx_word' id='word_1_154' title='bbox 698 1627 820 1662; x_wconf 88' lang='lat' dir='ltr'>certe</span> <span class='ocrx_word' id='word_1_155' title='bbox 845 1616 1073 1663; x_wconf 89' lang='lat' dir='ltr'>timemus.</span> 
     </span>
    </p>

    <p class='ocr_par' dir='ltr' id='par_1_4' title="bbox 118 1690 1748 3009">
     <span class='ocr_line' id='line_1_20' title="bbox 145 1690 1746 1754; baseline 0 -20"><span class='ocrx_word' id='word_1_156' title='bbox 145 1731 150 1733; x_wconf 28' lang='lat' dir='ltr'><strong><em>s</em></strong></span> <span class='ocrx_word' id='word_1_157' title='bbox 187 1691 313 1754; x_wconf 87' lang='lat' dir='ltr'>Erga</span> <span class='ocrx_word' id='word_1_158' title='bbox 336 1690 572 1754; x_wconf 87' lang='lat' dir='ltr'>proximos</span> <span class='ocrx_word' id='word_1_159' title='bbox 597 1690 844 1736; x_wconf 89' lang='lat' dir='ltr'>ministeria</span> <span class='ocrx_word' id='word_1_160' title='bbox 867 1699 1202 1753; x_wconf 90' lang='lat' dir='ltr'>promouentur</span> <span class='ocrx_word' id='word_1_161' title='bbox 1218 1706 1410 1752; x_wconf 90' lang='lat' dir='ltr'>semper,</span> <span class='ocrx_word' id='word_1_162' title='bbox 1430 1699 1568 1752; x_wconf 86' lang='lat' dir='ltr'>atque</span> <span class='ocrx_word' id='word_1_163' title='bbox 1586 1705 1746 1735; x_wconf 89' lang='lat' dir='ltr'>eorum</span> 
     </span>
     <span class='ocr_line' id='line_1_21' title="bbox 118 1762 1748 1827; baseline -0.001 -18"><span class='ocrx_word' id='word_1_164' title='bbox 118 1762 434 1822; x_wconf 86' lang='lat' dir='ltr'>confessiones,</span> <span class='ocrx_word' id='word_1_165' title='bbox 455 1764 490 1809; x_wconf 91' lang='lat' dir='ltr'>si</span> <span class='ocrx_word' id='word_1_166' title='bbox 510 1763 625 1809; x_wconf 90' lang='lat' dir='ltr'>hanc</span> <span class='ocrx_word' id='word_1_167' title='bbox 648 1780 753 1809; x_wconf 88' lang='lat' dir='ltr'>curn</span> <span class='ocrx_word' id='word_1_168' title='bbox 773 1763 846 1810; x_wconf 89' lang='lat' dir='ltr'>illa</span> <span class='ocrx_word' id='word_1_169' title='bbox 863 1775 1184 1827; x_wconf 91' lang='lat' dir='ltr'>computemus</span> <span class='ocrx_word' id='word_1_170' title='bbox 1203 1763 1555 1820; x_wconf 89' lang='lat' dir='ltr'>hebdomadem,</span> <span class='ocrx_word' id='word_1_171' title='bbox 1573 1762 1748 1809; x_wconf 86' lang='lat' dir='ltr'>circiter</span> 
     </span>
     <span class='ocr_line' id='line_1_22' title="bbox 119 1837 1745 1902; baseline -0.001 -17"><span class='ocrx_word' id='word_1_172' title='bbox 119 1838 375 1902; x_wconf 87' lang='lat' dir='ltr'>sexsaginta</span> <span class='ocrx_word' id='word_1_173' title='bbox 397 1849 544 1885; x_wconf 90' lang='lat' dir='ltr'>erunt.</span> <span class='ocrx_word' id='word_1_174' title='bbox 566 1838 629 1884; x_wconf 89' lang='lat' dir='ltr'>Et</span> <span class='ocrx_word' id='word_1_175' title='bbox 646 1855 801 1884; x_wconf 91' lang='lat' dir='ltr'>earum</span> <span class='ocrx_word' id='word_1_176' title='bbox 822 1839 1007 1902; x_wconf 92' lang='lat' dir='ltr'>quidem</span> <span class='ocrx_word' id='word_1_177' title='bbox 1035 1838 1205 1885; x_wconf 89' lang='lat' dir='ltr'>multae</span> <span class='ocrx_word' id='word_1_178' title='bbox 1224 1850 1325 1884; x_wconf 90' lang='lat' dir='ltr'>tum</span> <span class='ocrx_word' id='word_1_179' title='bbox 1344 1837 1468 1884; x_wconf 89' lang='lat' dir='ltr'>vrbis</span> <span class='ocrx_word' id='word_1_180' title='bbox 1487 1854 1745 1900; x_wconf 90' lang='lat' dir='ltr'>procerum,</span> 
     </span>
     <span class='ocr_line' id='line_1_23' title="bbox 120 1910 1745 1975; baseline -0.001 -17"><span class='ocrx_word' id='word_1_181' title='bbox 120 1923 218 1959; x_wconf 89' lang='lat' dir='ltr'>tum</span> <span class='ocrx_word' id='word_1_182' title='bbox 246 1912 498 1959; x_wconf 88' lang='lat' dir='ltr'>academiae</span> <span class='ocrx_word' id='word_1_183' title='bbox 521 1912 771 1975; x_wconf 89' lang='lat' dir='ltr'>insignium</span> <span class='ocrx_word' id='word_1_184' title='bbox 796 1913 996 1959; x_wconf 88' lang='lat' dir='ltr'>extitere.</span> <span class='ocrx_word' id='word_1_185' title='bbox 1021 1913 1190 1959; x_wconf 89' lang='lat' dir='ltr'>Totius</span> <span class='ocrx_word' id='word_1_186' title='bbox 1208 1912 1326 1958; x_wconf 93' lang='lat' dir='ltr'>vitae</span> <span class='ocrx_word' id='word_1_187' title='bbox 1344 1922 1389 1957; x_wconf 89' lang='lat' dir='ltr'>et</span> <span class='ocrx_word' id='word_1_188' title='bbox 1412 1911 1520 1957; x_wconf 89' lang='lat' dir='ltr'>aliae</span> <span class='ocrx_word' id='word_1_189' title='bbox 1544 1910 1745 1968; x_wconf 89' lang='lat' dir='ltr'>fuerunt,</span> 
     </span>
     <span class='ocr_line' id='line_1_24' title="bbox 120 1984 1746 2050; baseline -0.001 -18"><span class='ocrx_word' id='word_1_190' title='bbox 120 1987 176 2033; x_wconf 91' lang='lat' dir='ltr'>ad</span> <span class='ocrx_word' id='word_1_191' title='bbox 212 2003 324 2050; x_wconf 91' lang='lat' dir='ltr'>quas</span> <span class='ocrx_word' id='word_1_192' title='bbox 364 1986 545 2032; x_wconf 90' lang='lat' dir='ltr'>accessit</span> <span class='ocrx_word' id='word_1_193' title='bbox 584 1986 848 2033; x_wconf 89' lang='lat' dir='ltr'>instauratio</span> <span class='ocrx_word' id='word_1_194' title='bbox 879 1987 999 2032; x_wconf 89' lang='lat' dir='ltr'>vitae</span> <span class='ocrx_word' id='word_1_195' title='bbox 1029 1986 1203 2050; x_wconf 89' lang='lat' dir='ltr'>elapsae</span> <span class='ocrx_word' id='word_1_196' title='bbox 1232 1985 1512 2050; x_wconf 90' lang='lat' dir='ltr'>aliquorum,</span> <span class='ocrx_word' id='word_1_197' title='bbox 1550 2002 1623 2031; x_wconf 91' lang='lat' dir='ltr'>eas</span> <span class='ocrx_word' id='word_1_198' title='bbox 1657 1984 1746 2031; x_wconf 89' lang='lat' dir='ltr'>fre-</span> 
     </span>
     <span class='ocr_line' id='line_1_25' title="bbox 120 2059 1742 2124; baseline -0.001 -18"><span class='ocrx_word' id='word_1_199' title='bbox 120 2060 372 2124; x_wconf 91' lang='lat' dir='ltr'>quentandi</span> <span class='ocrx_word' id='word_1_200' title='bbox 405 2060 632 2106; x_wconf 91' lang='lat' dir='ltr'>nonnullis</span> <span class='ocrx_word' id='word_1_201' title='bbox 670 2060 892 2106; x_wconf 90' lang='lat' dir='ltr'>desiderio</span> <span class='ocrx_word' id='word_1_202' title='bbox 930 2060 1111 2107; x_wconf 89' lang='lat' dir='ltr'>affectis.</span> <span class='ocrx_word' id='word_1_203' title='bbox 1154 2060 1363 2106; x_wconf 92' lang='lat' dir='ltr'>Fuerunt</span> <span class='ocrx_word' id='word_1_204' title='bbox 1398 2060 1582 2122; x_wconf 89' lang='lat' dir='ltr'>insuper</span> <span class='ocrx_word' id='word_1_205' title='bbox 1618 2059 1742 2118; x_wconf 90' lang='lat' dir='ltr'>aliae,</span> 
     </span>
     <span class='ocr_line' id='line_1_26' title="bbox 121 2131 1744 2198; baseline -0.001 -19"><span class='ocrx_word' id='word_1_206' title='bbox 121 2134 287 2198; x_wconf 90' lang='lat' dir='ltr'>quibus</span> <span class='ocrx_word' id='word_1_207' title='bbox 310 2134 507 2197; x_wconf 91' lang='lat' dir='ltr'>reliquae</span> <span class='ocrx_word' id='word_1_208' title='bbox 537 2132 862 2191; x_wconf 90' lang='lat' dir='ltr'>confessiones,</span> <span class='ocrx_word' id='word_1_209' title='bbox 895 2146 998 2180; x_wconf 90' lang='lat' dir='ltr'>ante</span> <span class='ocrx_word' id='word_1_210' title='bbox 1028 2134 1124 2180; x_wconf 91' lang='lat' dir='ltr'>illas</span> <span class='ocrx_word' id='word_1_211' title='bbox 1154 2134 1305 2180; x_wconf 86' lang='lat' dir='ltr'>minus</span> <span class='ocrx_word' id='word_1_212' title='bbox 1334 2133 1472 2196; x_wconf 88' lang='lat' dir='ltr'>digne</span> <span class='ocrx_word' id='word_1_213' title='bbox 1502 2131 1744 2189; x_wconf 88' lang='lat' dir='ltr'>confectae,</span> 
     </span>
     <span class='ocr_line' id='line_1_27' title="bbox 122 2207 1746 2272; baseline -0.002 -18"><span class='ocrx_word' id='word_1_214' title='bbox 122 2208 177 2254; x_wconf 91' lang='lat' dir='ltr'>ab</span> <span class='ocrx_word' id='word_1_215' title='bbox 202 2209 380 2272; x_wconf 86' lang='lat' dir='ltr'>integro</span> <span class='ocrx_word' id='word_1_216' title='bbox 405 2219 513 2254; x_wconf 91' lang='lat' dir='ltr'>sunt</span> <span class='ocrx_word' id='word_1_217' title='bbox 535 2208 784 2255; x_wconf 90' lang='lat' dir='ltr'>restitutae.</span> <span class='ocrx_word' id='word_1_218' title='bbox 811 2209 897 2254; x_wconf 91' lang='lat' dir='ltr'>Vir</span> <span class='ocrx_word' id='word_1_219' title='bbox 921 2209 1124 2272; x_wconf 90' lang='lat' dir='ltr'>quidam,</span> <span class='ocrx_word' id='word_1_220' title='bbox 1149 2209 1237 2254; x_wconf 90' lang='lat' dir='ltr'>iam</span> <span class='ocrx_word' id='word_1_221' title='bbox 1264 2224 1431 2254; x_wconf 90' lang='lat' dir='ltr'>nouem</span> <span class='ocrx_word' id='word_1_222' title='bbox 1457 2207 1619 2252; x_wconf 89' lang='lat' dir='ltr'>abhinc</span> <span class='ocrx_word' id='word_1_223' title='bbox 1643 2217 1746 2252; x_wconf 88' lang='lat' dir='ltr'>ante</span> 
     </span>
     <span class='ocr_line' id='line_1_28' title="bbox 121 2280 1746 2346; baseline -0.001 -18"><span class='ocrx_word' id='word_1_224' title='bbox 121 2283 263 2342; x_wconf 90' lang='lat' dir='ltr'>annis,</span> <span class='ocrx_word' id='word_1_225' title='bbox 287 2283 425 2329; x_wconf 86' lang='lat' dir='ltr'>exitio</span> <span class='ocrx_word' id='word_1_226' title='bbox 448 2288 740 2345; x_wconf 88' lang='lat' dir='ltr'>peccatorum</span> <span class='ocrx_word' id='word_1_227' title='bbox 766 2283 1007 2329; x_wconf 89' lang='lat' dir='ltr'>immersus</span> <span class='ocrx_word' id='word_1_228' title='bbox 1031 2300 1136 2329; x_wconf 93' lang='lat' dir='ltr'>cum</span> <span class='ocrx_word' id='word_1_229' title='bbox 1161 2283 1504 2346; x_wconf 88' lang='lat' dir='ltr'>comperiretur,</span> <span class='ocrx_word' id='word_1_230' title='bbox 1529 2280 1746 2327; x_wconf 90' lang='lat' dir='ltr'>effectum</span> 
     </span>
     <span class='ocr_line' id='line_1_29' title="bbox 124 2354 1744 2420; baseline -0.002 -18"><span class='ocrx_word' id='word_1_231' title='bbox 124 2368 210 2414; x_wconf 85' lang='lat' dir='ltr'>est,</span> <span class='ocrx_word' id='word_1_232' title='bbox 235 2368 287 2402; x_wconf 89' lang='lat' dir='ltr'>vt</span> <span class='ocrx_word' id='word_1_233' title='bbox 319 2356 423 2402; x_wconf 90' lang='lat' dir='ltr'>inde</span> <span class='ocrx_word' id='word_1_234' title='bbox 456 2366 731 2419; x_wconf 88' lang='lat' dir='ltr'>emergeret,</span> <span class='ocrx_word' id='word_1_235' title='bbox 754 2356 1039 2420; x_wconf 87' lang='lat' dir='ltr'>consiliisque</span> <span class='ocrx_word' id='word_1_236' title='bbox 1071 2356 1133 2402; x_wconf 92' lang='lat' dir='ltr'>illi</span> <span class='ocrx_word' id='word_1_237' title='bbox 1170 2356 1399 2419; x_wconf 89' lang='lat' dir='ltr'>suppetias</span> <span class='ocrx_word' id='word_1_238' title='bbox 1429 2355 1636 2410; x_wconf 89' lang='lat' dir='ltr'>tulimus,</span> <span class='ocrx_word' id='word_1_239' title='bbox 1667 2354 1744 2417; x_wconf 92' lang='lat' dir='ltr'>qui</span> 
     </span>
     <span class='ocr_line' id='line_1_30' title="bbox 122 2428 1746 2477; baseline -0.001 -3"><span class='ocrx_word' id='word_1_240' title='bbox 122 2429 282 2475; x_wconf 88' lang='lat' dir='ltr'>auidus</span> <span class='ocrx_word' id='word_1_241' title='bbox 303 2430 361 2475; x_wconf 88' lang='lat' dir='ltr'>ad</span> <span class='ocrx_word' id='word_1_242' title='bbox 386 2445 482 2474; x_wconf 86' lang='lat' dir='ltr'>rem</span> <span class='ocrx_word' id='word_1_243' title='bbox 508 2429 747 2475; x_wconf 91' lang='lat' dir='ltr'>consilium</span> <span class='ocrx_word' id='word_1_244' title='bbox 771 2428 1034 2477; x_wconf 91' lang='lat' dir='ltr'>conferendi</span> <span class='ocrx_word' id='word_1_245' title='bbox 1052 2430 1265 2477; x_wconf 87' lang='lat' dir='ltr'>discessit.</span> <span class='ocrx_word' id='word_1_246' title='bbox 1295 2430 1408 2476; x_wconf 92' lang='lat' dir='ltr'>Hoc</span> <span class='ocrx_word' id='word_1_247' title='bbox 1427 2429 1627 2475; x_wconf 91' lang='lat' dir='ltr'>aduentu</span> <span class='ocrx_word' id='word_1_248' title='bbox 1645 2428 1746 2473; x_wconf 92' lang='lat' dir='ltr'>Do-</span> 
     </span>
     <span class='ocr_line' id='line_1_31' title="bbox 123 2501 1746 2565; baseline -0.001 -17"><span class='ocrx_word' id='word_1_249' title='bbox 123 2502 248 2560; x_wconf 90' lang='lat' dir='ltr'>mini,</span> <span class='ocrx_word' id='word_1_250' title='bbox 273 2514 318 2548; x_wconf 92' lang='lat' dir='ltr'>et</span> <span class='ocrx_word' id='word_1_251' title='bbox 346 2502 472 2549; x_wconf 90' lang='lat' dir='ltr'>domi</span> <span class='ocrx_word' id='word_1_252' title='bbox 502 2514 547 2548; x_wconf 91' lang='lat' dir='ltr'>et</span> <span class='ocrx_word' id='word_1_253' title='bbox 576 2502 621 2549; x_wconf 93' lang='lat' dir='ltr'>in</span> <span class='ocrx_word' id='word_1_254' title='bbox 651 2502 902 2549; x_wconf 83' lang='lat' dir='ltr'>carceribus</span> <span class='ocrx_word' id='word_1_255' title='bbox 932 2504 1252 2550; x_wconf 89' lang='lat' dir='ltr'>concionatum</span> <span class='ocrx_word' id='word_1_256' title='bbox 1276 2515 1369 2560; x_wconf 90' lang='lat' dir='ltr'>est,</span> <span class='ocrx_word' id='word_1_257' title='bbox 1400 2502 1457 2549; x_wconf 91' lang='lat' dir='ltr'>ad</span> <span class='ocrx_word' id='word_1_258' title='bbox 1488 2519 1598 2565; x_wconf 90' lang='lat' dir='ltr'>quas</span> <span class='ocrx_word' id='word_1_259' title='bbox 1628 2501 1746 2547; x_wconf 89' lang='lat' dir='ltr'>inter</span> 
     </span>
     <span class='ocr_line' id='line_1_32' title="bbox 121 2573 1744 2639; baseline -0.001 -18"><span class='ocrx_word' id='word_1_260' title='bbox 121 2576 344 2634; x_wconf 86' lang='lat' dir='ltr'>eundum,</span> <span class='ocrx_word' id='word_1_261' title='bbox 369 2575 403 2621; x_wconf 91' lang='lat' dir='ltr'>si</span> <span class='ocrx_word' id='word_1_262' title='bbox 429 2573 547 2621; x_wconf 92' lang='lat' dir='ltr'>forte</span> <span class='ocrx_word' id='word_1_263' title='bbox 572 2574 654 2621; x_wconf 91' lang='lat' dir='ltr'>illis</span> <span class='ocrx_word' id='word_1_264' title='bbox 678 2575 814 2639; x_wconf 90' lang='lat' dir='ltr'>aliqui</span> <span class='ocrx_word' id='word_1_265' title='bbox 837 2576 974 2623; x_wconf 90' lang='lat' dir='ltr'>ociosi</span> <span class='ocrx_word' id='word_1_266' title='bbox 999 2577 1044 2623; x_wconf 90' lang='lat' dir='ltr'>in</span> <span class='ocrx_word' id='word_1_267' title='bbox 1068 2577 1140 2623; x_wconf 91' lang='lat' dir='ltr'>via</span> <span class='ocrx_word' id='word_1_268' title='bbox 1162 2577 1473 2632; x_wconf 91' lang='lat' dir='ltr'>occurrebant,</span> <span class='ocrx_word' id='word_1_269' title='bbox 1498 2575 1602 2621; x_wconf 92' lang='lat' dir='ltr'>illuc</span> <span class='ocrx_word' id='word_1_270' title='bbox 1625 2585 1744 2621; x_wconf 93' lang='lat' dir='ltr'>certe</span> 
     </span>
     <span class='ocr_line' id='line_1_33' title="bbox 122 2647 1746 2714; baseline -0.001 -20"><span class='ocrx_word' id='word_1_271' title='bbox 122 2648 420 2707; x_wconf 90' lang='lat' dir='ltr'>ducebantur,</span> <span class='ocrx_word' id='word_1_272' title='bbox 445 2660 495 2695; x_wconf 90' lang='lat' dir='ltr'>vt</span> <span class='ocrx_word' id='word_1_273' title='bbox 517 2648 732 2695; x_wconf 90' lang='lat' dir='ltr'>concione</span> <span class='ocrx_word' id='word_1_274' title='bbox 756 2647 1031 2697; x_wconf 89' lang='lat' dir='ltr'>fruerentur.</span> <span class='ocrx_word' id='word_1_275' title='bbox 1056 2651 1200 2713; x_wconf 90' lang='lat' dir='ltr'>Apud</span> <span class='ocrx_word' id='word_1_276' title='bbox 1224 2666 1366 2714; x_wconf 88' lang='lat' dir='ltr'>pagos</span> <span class='ocrx_word' id='word_1_277' title='bbox 1384 2649 1520 2695; x_wconf 90' lang='lat' dir='ltr'>etiam</span> <span class='ocrx_word' id='word_1_278' title='bbox 1538 2665 1563 2693; x_wconf 88' lang='lat' dir='ltr'>a</span> <span class='ocrx_word' id='word_1_279' title='bbox 1582 2647 1746 2694; x_wconf 87' lang='lat' dir='ltr'>nostris</span> 
     </span>
     <span class='ocr_line' id='line_1_34' title="bbox 122 2722 1746 2788; baseline -0.001 -20"><span class='ocrx_word' id='word_1_280' title='bbox 122 2722 442 2768; x_wconf 90' lang='lat' dir='ltr'>concionatum</span> <span class='ocrx_word' id='word_1_281' title='bbox 483 2732 564 2781; x_wconf 88' lang='lat' dir='ltr'>est,</span> <span class='ocrx_word' id='word_1_282' title='bbox 605 2739 661 2767; x_wconf 84' lang='lat' dir='ltr'>ex</span> <span class='ocrx_word' id='word_1_283' title='bbox 691 2739 890 2786; x_wconf 90' lang='lat' dir='ltr'>quorum</span> <span class='ocrx_word' id='word_1_284' title='bbox 927 2740 1040 2782; x_wconf 90' lang='lat' dir='ltr'>vn0,</span> <span class='ocrx_word' id='word_1_285' title='bbox 1076 2724 1203 2770; x_wconf 90' lang='lat' dir='ltr'>curio</span> <span class='ocrx_word' id='word_1_286' title='bbox 1229 2724 1243 2749; x_wconf 93' lang='lat'><strong>¹</strong></span> <span class='ocrx_word' id='word_1_287' title='bbox 1283 2724 1487 2788; x_wconf 90' lang='lat' dir='ltr'>quidam,</span> <span class='ocrx_word' id='word_1_288' title='bbox 1524 2722 1746 2768; x_wconf 88' lang='lat' dir='ltr'>exercitiis</span> 
     </span>
     <span class='ocr_line' id='line_1_35' title="bbox 123 2796 1746 2862; baseline -0.001 -21"><span class='ocrx_word' id='word_1_289' title='bbox 123 2796 429 2859; x_wconf 89' lang='lat' dir='ltr'>spiritualibus</span> <span class='ocrx_word' id='word_1_290' title='bbox 460 2807 729 2855; x_wconf 88' lang='lat' dir='ltr'>vacaturus,</span> <span class='ocrx_word' id='word_1_291' title='bbox 759 2796 817 2843; x_wconf 90' lang='lat' dir='ltr'>ad</span> <span class='ocrx_word' id='word_1_292' title='bbox 846 2814 928 2843; x_wconf 89' lang='lat' dir='ltr'>nos</span> <span class='ocrx_word' id='word_1_293' title='bbox 958 2798 1161 2857; x_wconf 89' lang='lat' dir='ltr'>accessit,</span> <span class='ocrx_word' id='word_1_294' title='bbox 1191 2798 1393 2862; x_wconf 90' lang='lat' dir='ltr'>exiitque</span> <span class='ocrx_word' id='word_1_295' title='bbox 1425 2813 1481 2843; x_wconf 86' lang='lat' dir='ltr'>ex</span> <span class='ocrx_word' id='word_1_296' title='bbox 1517 2796 1622 2852; x_wconf 91' lang='lat' dir='ltr'>illis,</span> <span class='ocrx_word' id='word_1_297' title='bbox 1654 2812 1746 2841; x_wconf 94' lang='lat' dir='ltr'>non</span> 
     </span>
     <span class='ocr_line' id='line_1_36' title="bbox 122 2869 1748 2935; baseline -0.001 -18"><span class='ocrx_word' id='word_1_298' title='bbox 122 2871 337 2917; x_wconf 89' lang='lat' dir='ltr'>mediocri</span> <span class='ocrx_word' id='word_1_299' title='bbox 363 2887 607 2934; x_wconf 90' lang='lat' dir='ltr'>progressu</span> <span class='ocrx_word' id='word_1_300' title='bbox 630 2869 765 2919; x_wconf 86' lang='lat' dir='ltr'>facto.</span> <span class='ocrx_word' id='word_1_301' title='bbox 800 2871 984 2918; x_wconf 90' lang='lat' dir='ltr'>Praeter</span> <span class='ocrx_word' id='word_1_302' title='bbox 1014 2873 1136 2919; x_wconf 92' lang='lat' dir='ltr'>hunc</span> <span class='ocrx_word' id='word_1_303' title='bbox 1167 2873 1275 2919; x_wconf 91' lang='lat' dir='ltr'>alios</span> <span class='ocrx_word' id='word_1_304' title='bbox 1305 2871 1557 2935; x_wconf 89' lang='lat' dir='ltr'>permultos</span> <span class='ocrx_word' id='word_1_305' title='bbox 1588 2871 1748 2916; x_wconf 89' lang='lat' dir='ltr'>habui-</span> 
     </span>
     <span class='ocr_line' id='line_1_37' title="bbox 124 2945 1747 3009; baseline 0.001 -19"><span class='ocrx_word' id='word_1_306' title='bbox 124 2960 248 3002; x_wconf 90' lang='lat' dir='ltr'>mus,</span> <span class='ocrx_word' id='word_1_307' title='bbox 272 2962 297 2991; x_wconf 92' lang='lat' dir='ltr'>e</span> <span class='ocrx_word' id='word_1_308' title='bbox 320 2945 486 3009; x_wconf 90' lang='lat' dir='ltr'>quibus</span> <span class='ocrx_word' id='word_1_309' title='bbox 509 2956 707 3009; x_wconf 87' lang='lat' dir='ltr'>quatuor</span> <span class='ocrx_word' id='word_1_310' title='bbox 734 2946 1008 2994; x_wconf 88' lang='lat' dir='ltr'>sacerdotes:</span> <span class='ocrx_word' id='word_1_311' title='bbox 1040 2958 1130 2993; x_wconf 91' lang='lat' dir='ltr'>tres</span> <span class='ocrx_word' id='word_1_312' title='bbox 1158 2964 1319 2994; x_wconf 91' lang='lat' dir='ltr'>eorum</span> <span class='ocrx_word' id='word_1_313' title='bbox 1352 2946 1462 2992; x_wconf 90' lang='lat' dir='ltr'>fines</span> <span class='ocrx_word' id='word_1_314' title='bbox 1492 2945 1747 3006; x_wconf 85' lang='lat' dir='ltr'>theologiae</span> 
     </span>
    </p>
   </div>
   <div class='ocr_carea' id='block_1_3' title="bbox 178 3102 1128 3154">
    <p class='ocr_par' dir='ltr' id='par_1_5' title="bbox 178 3102 1128 3154">
     <span class='ocr_line' id='line_1_38' title="bbox 178 3102 1128 3154; baseline 0.003 -12"><span class='ocrx_word' id='word_1_315' title='bbox 178 3102 191 3129; x_wconf 94' lang='lat'><strong>¹</strong></span> <span class='ocrx_word' id='word_1_316' title='bbox 248 3106 322 3143; x_wconf 88' lang='lat' dir='ltr'>Ms.</span> <span class='ocrx_word' id='word_1_317' title='bbox 342 3116 463 3151; x_wconf 86' lang='lat' dir='ltr'>cura;</span> <span class='ocrx_word' id='word_1_318' title='bbox 481 3106 520 3142; x_wconf 90' lang='lat' dir='ltr'>in</span> <span class='ocrx_word' id='word_1_319' title='bbox 540 3106 658 3143; x_wconf 86' lang='lat' dir='ltr'>altero</span> <span class='ocrx_word' id='word_1_320' title='bbox 677 3115 769 3143; x_wconf 87' lang='lat' dir='ltr'>vero</span> <span class='ocrx_word' id='word_1_321' title='bbox 790 3107 977 3154; x_wconf 87' lang='lat' dir='ltr'>exemplo,</span> <span class='ocrx_word' id='word_1_322' title='bbox 998 3103 1128 3145; x_wconf 82' lang='lat' dir='ltr'>curio.</span> 
     </span>
    </p>
   </div>
  </div>
 </body>
</html>
