2040 3528
261 299 314 351 46
735 298 976 337 EPISTOLAE
1006 297 1343 352 Minae-1054

272 407 397 453 Octo
423 405 523 453 illos
543 422 703 452 aureos
727 421 862 470 spero
882 422 966 452 vos
990 406 1227 470 accepisse.
1249 407 1322 455 De
1341 407 1474 456 bonis
1499 410 1705 474 magistri
1738 411 1864 459 Petri

209 481 336 527 Siluii
380 491 495 544 puto
540 497 613 526 me
653 479 880 544 scripsisse
921 480 1165 544 quomodo
1205 482 1323 528 serio
1352 482 1581 543 laboraui,
1620 496 1672 531 ut
1703 485 1863 533 saltem

208 555 381 619 aliquid
420 555 456 600 ei
498 555 755 611 mitterent3
798 555 878 602 sed
920 554 1030 601 nihil
1075 554 1323 618 impetrare
1363 574 1576 621 possum,
1613 576 1693 606 nec
1727 560 1868 607 video

206 632 320 696 quid
346 632 470 678 aliud
497 636 584 695 pro*
609 631 698 690 hoc
723 643 933 696 tempore
959 631 1112 679 facere
1135 650 1341 696 possem,
1366 633 1493 696 quod
1518 651 1623 680 cum
1657 634 1864 681 aedifica-

207 708 332 754 tione
374 706 470 753 fieri
514 717 698 770 posset3
741 707 776 753 si
818 707 1012 771 gratiam
1065 708 1329 771 principum
1370 707 1579 754 obtinere
1621 710 1865 772 possimus,

206 799 341 846 spero
358 782 545 829 liberius
567 799 650 828 nos
670 781 816 827 multa
831 779 1053 829 facturos.
1078 782 1350 828 Gaudemus
1365 782 1423 828 de
1441 782 1646 829 aduentu
1669 783 1862 830 Patrum

208 856 498 921 fratrumque
534 856 790 916 Societatis,
816 867 877 915 et,
903 873 1009 904 cum
1055 856 1279 914 venerint,
1313 855 1604 904 conferemus
1640 875 1665 904 a
1696 858 1868 920 quibus

206 931 435 996 quibusve
462 931 623 979 mediis
646 931 889 978 sustentari
921 943 1163 995 poterunt:
1198 931 1397 978 maxime
1428 931 1535 995 quia
1567 932 1655 979 alio
1689 932 1792 979 cibo
1818 943 1864 980 et

206 1019 321 1070 potu
350 1005 500 1053 foueri
527 1006 698 1053 debent
722 1023 860 1071 quam
890 1018 1130 1064 nostrates,
1156 1019 1201 1052 et
1226 1018 1353 1053 tanta
1376 1017 1444 1053 est
1468 1006 1514 1053 in
1540 1006 1635 1052 istis
1654 1007 1866 1070 partibus

208 1098 364 1128 rerum
389 1081 601 1128 omnium
627 1081 804 1140 caritas,
826 1092 878 1128 ut
903 1081 1040 1128 etiam
1066 1081 1278 1145 publicus
1302 1080 1530 1128 tumultus
1549 1098 1683 1145 saepe
1703 1082 1863 1128 timea-

209 1168 294 1204 tur.
322 1157 428 1203 Nos
452 1173 565 1203 vero
589 1155 778 1220 singulis
805 1156 993 1220 posthac
1018 1156 1148 1202 annis
1172 1157 1419 1203 dumtaxat
1443 1167 1632 1203 centum
1657 1167 1703 1202 et
1727 1156 1862 1220 quin-

206 1232 427 1296 quaginta
468 1231 687 1288 florenos,
729 1231 809 1295 qui
847 1229 1021 1277 faciunt
1059 1244 1119 1293 75
1164 1231 1374 1288 ducatos,
1414 1230 1692 1294 recepimus:
1739 1230 1862 1277 dona

207 1323 320 1354 vero
351 1319 396 1352 et
429 1323 633 1363 munera,
659 1305 836 1352 etiamsi
861 1304 1056 1352 subinde
1081 1305 1362 1352 aedificatiue
1387 1304 1594 1352 fortassis
1623 1305 1864 1369 (existimo

207 1392 363 1428 autem
388 1393 434 1428 et
460 1381 546 1427 hoc
577 1380 803 1427 rarissime
826 1380 1117 1444 contingere)
1146 1381 1308 1444 suscipi
1335 1392 1540 1444 possent,
1566 1397 1672 1427 sane
1703 1381 1738 1427 si
1765 1397 1861 1428 me-

206 1457 309 1504 dius
336 1458 528 1504 ducatus
551 1456 701 1513 detur,
727 1455 928 1503 multum
954 1468 1000 1503 et
1018 1472 1241 1520 magnum
1261 1467 1521 1520 reputatur3
1542 1457 1636 1502 imo
1663 1456 1696 1502 si
1718 1473 1860 1520 pocu-

208 1532 304 1578 lum
332 1531 426 1578 vini
451 1532 585 1590 dent,
611 1530 812 1577 multum
838 1548 883 1578 se
915 1531 1023 1578 dare
1054 1542 1238 1594 putant.
1273 1530 1369 1592 Qui
1408 1548 1520 1577 vero
1550 1516 1599 1577 et
1626 1547 1671 1577 se
1706 1542 1751 1577 et
1781 1548 1864 1579 sua

207 1623 265 1653 ex
289 1617 389 1652 toto
414 1606 552 1653 corde
578 1605 710 1652 nobis
734 1605 843 1652 dare
873 1604 1064 1662 vellent,
1093 1604 1149 1651 ab
1181 1605 1250 1651 his
1280 1622 1368 1669 ego
1400 1621 1492 1651 non
1524 1605 1687 1651 vellem
1721 1606 1860 1653 susci-

209 1698 337 1745 pere,
363 1682 442 1728 sed
474 1681 629 1744 potius
658 1680 721 1726 eis
750 1680 878 1738 dare,
904 1680 1011 1745 quia
1043 1679 1127 1743 ipsi
1157 1679 1311 1743 potius
1337 1691 1493 1743 egent,
1529 1679 1601 1725 vel
1634 1697 1729 1726 non
1753 1692 1864 1727 sunt

208 1756 433 1822 suijuris,
461 1755 529 1801 vel
557 1765 814 1819 grauantur
842 1754 1065 1819 prolibus.
1093 1754 1200 1818 Ego
1226 1754 1414 1800 memini
1439 1754 1680 1818 quomodo
1705 1755 1862 1818 primo

211 1847 348 1888 anno,
388 1847 483 1893 quo
518 1830 789 1876 Societatem
829 1846 933 1876 sum
975 1830 1227 1893 ingressus,
1268 1845 1377 1875 cum
1409 1828 1534 1875 fama
1566 1840 1863 1893 spargeretur

211 1905 274 1954 D.
300 1904 538 1951 Canisium
563 1922 619 1951 ex
644 1903 840 1951 Colonia
862 1921 969 1951 cum
1004 1921 1099 1950 vno
1131 1914 1210 1950 aut
1241 1903 1384 1950 altero
1415 1914 1668 1950 venturum
1705 1903 1862 1950 Loua-

211 1979 341 2026 nium
365 1991 410 2025 et
435 1979 669 2036 hesurum,
695 1995 783 2042 ego
807 1979 903 2043 ipse
927 1978 1127 2025 intellexi
1155 1977 1212 2025 ab
1236 1978 1424 2037 eisdem,
1445 1978 1523 2042 qui
1551 1978 1678 2025 Dno.
1707 1977 1745 2023 F
1748 1977 1863 2024 abro

210 2065 256 2100 et
296 2054 457 2100 Strada
502 2053 514 2078 ¹
557 2054 793 2100 astiterant
833 2054 878 2099 in
920 2052 1276 2116 temporalibus,
1322 2053 1451 2117 quod
1494 2052 1759 2099 maluissent
1798 2051 1864 2099 eis

210 2144 378 2187 carere,
404 2145 543 2192 quam
571 2128 725 2175 denuo
750 2127 903 2174 subire
926 2139 1157 2191 sumptus.

278 2203 412 2249 Haec
438 2203 642 2267 tetigisse
671 2214 739 2250 sat
763 2214 851 2260 est,
883 2214 935 2250 vt
964 2213 1215 2267 cognoscat
1249 2203 1307 2249 R.
1334 2201 1393 2249 V.
1427 2213 1473 2248 et
1503 2218 1573 2248 res
1604 2213 1783 2248 nostras
1815 2211 1863 2248 et

211 2278 385 2342 patriae
410 2294 574 2335 mores,
601 2278 799 2324 maxime
823 2277 930 2342 quia
947 2277 1111 2324 similia
1131 2278 1192 2325 R.
1214 2277 1274 2324 V.
1300 2275 1456 2323 scribit
1482 2275 1533 2323 P.
1558 2275 1807 2322 Leonardo
1828 2274 1859 2322 2.

212 2433 483 2480 probationem
503 2444 581 2470 non
601 2434 801 2480 habuerat,
822 2444 937 2481 quam
954 2433 1126 2470 officium
1146 2432 1339 2479 capellani
1360 2431 1575 2468 exercendo
1591 2430 1855 2478 Cutembergi.

213 2496 291 2533 Sed
312 2501 348 2532 et
370 2497 468 2533 alius
490 2497 649 2544 quidam
673 2497 874 2544 sacerdos,
897 2497 1052 2533 nomine
1076 2496 1274 2541 Andreas,
1304 2505 1391 2531 cum
1415 2494 1579 2530 Romam
1603 2493 1792 2540 venisset,
1819 2494 1860 2530 in

212 2570 283 2596 suo
303 2560 503 2606 proposito
524 2560 753 2607 intepuerat;
776 2571 874 2607 quae
895 2559 1009 2596 facile
1030 2559 1287 2596 ostendebant
1307 2562 1386 2594 tam
1403 2558 1564 2603 longum
1581 2556 1654 2592 iter
1673 2567 1751 2592 non
1773 2567 1859 2593 esse

212 2622 503 2668 suscipiendum
524 2622 649 2670 facile,
672 2627 709 2659 et
729 2623 888 2669 propius
914 2622 1086 2669 aliquam
1112 2620 1354 2668 probationis
1374 2620 1540 2656 domum
1566 2620 1628 2655 vel
1649 2619 1859 2666 collegium

214 2683 330 2720 fuisse
351 2685 655 2724 necessarium».
676 2686 733 2722 De
752 2685 923 2722 Jordano
943 2695 1036 2722 vero
1057 2684 1206 2731 egimus
1226 2693 1353 2729 supra,
1375 2678 1514 2733 Epist.
1541 2677 1725 2726 llffz'xtae,
1747 2685 1775 2719 t.
1799 2690 1860 2728 xv,

213 2746 325 2793 epist.
350 2757 463 2794 1034,
485 2758 575 2794 pag.
600 2748 690 2796 857,
712 2751 842 2784 annot.
865 2759 901 2787 2.

268 2806 281 2833 ¹
339 2809 447 2845 Btus.
472 2810 607 2846 Petrus
626 2811 762 2856 Faber,
784 2815 821 2846 et
840 2809 1072 2846 Franciscus
1093 2808 1140 2845 de
1168 2806 1344 2853 Estrada‚
1371 2806 1418 2842 de
1446 2805 1600 2853 quibus,
1631 2806 1679 2842 ad
1706 2811 1861 2853 tempus

213 2871 316 2918 quod
337 2872 424 2908 heic
445 2873 659 2919 attingitur,
680 2874 885 2909 videantur
903 2869 1042 2923 Epist.
1070 2867 1252 2917 Mixtae,
1273 2874 1298 2907 t.
1328 2878 1354 2916 1,
1385 2872 1422 2905 et
1451 2868 1618 2904 maxime
1648 2865 1809 2907 cartas
1824 2879 1861 2919 y

211 2936 329 2971 σίνος
348 2932 524 2972 escritos
543 2932 618 2973 del
628 2932 723 2973 Βία.
742 2934 790 2974 Ρ.
806 2932 951 2973 Pedro
964 2931 1120 2980 fabro,
1137 2937 1162 2970 t.
1179 2931 1322 2970 1.—Cf.
1335 2931 1544 2978 POLANCO,
1560 2935 1586 2968 t.
1602 2939 1644 2977 V,
1661 2941 1749 2978 pag.
1765 2940 1858 2978 299,

214 3006 305 3042 300,
327 3007 364 3034 n.
387 2997 477 3044 815.

266 3054 284 3080 ²
337 3058 379 3096 P.
405 3059 631 3096 Leonardus
660 3059 798 3096 Kessel
830 3058 1118 3095 coloniensibus
1148 3056 1266 3094 sociis
1298 3061 1488 3103 praeerat.
1520 3056 1583 3092 Ad
1618 3065 1705 3092 eum
1738 3055 1859 3091 missa

214 3120 332 3157 etiam
354 3125 412 3157 est
432 3122 573 3168 Ignatii
597 3122 773 3169 epistola,
794 3132 892 3168 quae
913 3121 1135 3157 inscribitur
1159 3119 1409 3156 ‹Rectoribus
1437 3118 1666 3155 Germaniae
1688 3122 1724 3153 et
1743 3116 1857 3153 Flan-

215 3183 362 3232 driae»,
385 3185 407 3222 8
431 3185 610 3222 Octobris
632 3186 735 3223 data.
755 3185 873 3221 Porro
894 3184 932 3221 in
953 3195 999 3222 ea
1019 3187 1098 3221 tum
1119 3183 1166 3219 de
1188 3182 1317 3229 sociis,
1340 3182 1404 3229 qui
1425 3181 1640 3218 Lovanium
1653 3180 1858 3217 mittebam
