2040 3528
278 291 331 332 40
746 278 985 318 EPISTOLAE
1014 279 1294 319 Momm-10
1297 292 1320 332 5
1329 293 1343 319 1

222 387 284 434 ibi
310 398 361 434 tu
387 398 541 433 autem
568 387 710 432 homo
735 386 841 445 Dei,
866 397 951 435 etc.
975 385 1004 443 ¹,
1036 404 1060 433 e
1091 385 1309 434 fazemdo
1341 387 1403 434 ho
1435 389 1497 435 asi
1528 406 1867 439 comseruaram

222 480 301 509 seu
327 463 471 525 limpo
497 479 521 507 e
548 478 667 525 puro
694 461 850 509 estado
874 478 977 507 com
1010 460 1170 525 aquela
1203 473 1347 508 samta
1372 463 1671 525 simceridade
1696 466 1753 513 de
1777 484 1874 532 que

222 555 276 583 ao
301 546 528 599 presemte
553 552 699 594 vsam,
726 535 885 582 temdo
908 551 1089 599 sempre
1119 536 1372 600 resguardo
1396 553 1470 583 em
1495 538 1546 596 si,
1573 555 1597 584 e
1623 550 1716 585 tam
1742 557 1865 587 reca-

222 612 365 667 tados,
392 627 482 675 que
505 627 609 657 com
634 610 836 657 verdade
859 627 905 656 se
930 627 1036 656 nam
1067 627 1203 673 possa
1227 611 1455 674 presumir
1478 629 1551 658 em
1578 613 1665 660 eles
1690 615 1872 677 cubica,

221 703 244 731 a
269 685 374 749 qual
402 685 458 731 he
483 697 577 731 tam
603 684 872 749 prejudicial
897 696 941 731 et
966 685 1131 745 nociua
1155 701 1208 730 aa
1232 685 1372 748 igreia
1396 686 1638 734 cattholica
1661 706 1685 735 e
1711 689 1872 736 minis-

219 774 314 807 tros
339 759 457 820 dela,
488 760 545 807 de
576 777 667 824 qua
697 761 742 806 in
773 759 830 807 c.⁰
860 759 1102 806 Bonorum
1134 776 1239 806 cum
1273 760 1589 823 peculiaribus,
1615 777 1676 824 47
1706 764 1866 812 distin·

219 835 383 893 ctione,
410 835 661 899 vulguatus
685 846 837 882 textus
861 836 906 881 in
931 852 1027 899 cap.
1056 835 1183 881 Nam
1208 836 1526 899 concupierint
1554 838 1644 885 iam
1669 841 1728 886 de
1752 858 1865 887 con-

218 909 475 957 stitutibus:
501 926 607 955 nam
639 909 873 956 bonorum
905 910 1078 956 auctori
1110 909 1332 967 inherere,
1359 910 1488 957 aliter
1518 928 1611 959 non
1642 915 1869 975 valemus,

218 984 301 1030 nisi
327 983 627 1047 cupiditatem
652 1001 677 1029 a
702 983 849 1042 nobis,
882 1001 972 1048 que
1001 984 1213 1030 omnium
1246 984 1472 1031 malorum
1506 986 1639 1033 radix
1670 1000 1752 1045 est,
1785 989 1865 1036 ab-

143 1094 145 1096 -
218 1058 498 1115 scindamus,
517 1070 570 1104 ut
594 1058 638 1104 in
657 1057 715 1105 c.⁰
737 1058 861 1104 Sicut
885 1070 929 1105 et
954 1059 999 1105 in
1020 1059 1144 1105 dicto
1163 1064 1220 1105 c.⁰
1239 1058 1495 1116 Bonorum;
1516 1077 1540 1106 e
1560 1061 1621 1107 asi
1642 1078 1671 1108 o
1686 1060 1864 1110 fazem—

218 1134 294 1189 do,
318 1132 622 1179 comfidenter
647 1132 923 1179 habitabunt
953 1133 999 1179 in
1025 1133 1254 1180 adiutorio
1279 1133 1483 1181 altissimi
1508 1145 1554 1181 et
1580 1137 1866 1199 protectione

218 1206 307 1252 Dei
332 1205 429 1264 celi,
450 1222 530 1252 nec
554 1205 786 1253 timebunt
810 1223 835 1252 a
858 1207 1024 1253 timore
1049 1219 1251 1253 noturno
1275 1218 1320 1253 et
1345 1207 1401 1253 ab
1427 1207 1611 1255 incursu
1633 1222 1679 1256 et
1702 1211 1862 1258 demo-

217 1281 293 1327 nio
319 1280 587 1338 meridianO,
613 1292 665 1327 vt
695 1281 906 1328 decantat
936 1281 1169 1345 psalmista
1193 1282 1372 1345 psalmo
1397 1284 1736 1347 nonagessimo.
1766 1285 1864 1332 Isto

217 1356 274 1402 he
298 1355 361 1402 ho
387 1372 477 1420 que
501 1355 638 1401 simto
664 1355 710 1401 in
736 1356 865 1419 Xpo.
893 1357 1013 1403 Iesu.
1042 1355 1100 1402 El
1127 1356 1389 1415 licenciado,

1273 1431 1662 1480 PEDRALUAREZ.

279 1505 320 1551 A
361 1513 481 1567 tergo
518 1504 612 1550 alia
649 1520 805 1551 manu:
845 1504 970 1550 Data
1012 1503 1278 1568 Vlyssiponi
1321 1522 1442 1551 anno
1479 1505 1674 1553 Domini
1716 1523 1732 1553 1
1746 1522 1770 1570 5
1779 1522 1803 1571 5
1811 1522 1861 1571 5,

221 1593 278 1639 19
301 1578 376 1626 die
400 1579 633 1625 Octobris.

968 1746 1108 1781 1⁰51

796 1833 1090 1870 EMMANUEL
1119 1833 1279 1870 LOPES

532 1919 744 1966 PATRI
784 1918 1082 1967 IGNATIO
1119 1921 1216 1968 DE
1250 1920 1542 1969 LOYOLA

680 2024 900 2052 COMPLUTO
930 2025 980 2065 23
1011 2025 1213 2053 ocTomus
1245 2026 1346 2066 1555
1369 2013 1397 2054 ².

469 2104 526 2141 De
556 2105 723 2152 collegio
753 2104 963 2142 societatis
992 2105 1084 2142 Jesu
1113 2104 1323 2152 segontiae
1352 2106 1628 2145 instituendo.—

1022 2191 1045 2226 †

982 2228 1085 2288 Jhs.

281 2329 407 2391 Muy
433 2328 558 2376 Rd0.
585 2346 641 2374 en
667 2328 855 2375 Christo
883 2329 1044 2376 Padre.
1074 2329 1235 2377 Gratia
1258 2341 1304 2376 et
1328 2346 1418 2393 pax
1441 2329 1629 2389 Christi,
1655 2341 1737 2377 etc.
1765 2330 1864 2376 Por

212 2402 254 2448 la
277 2403 357 2448 via
380 2402 613 2449 ordinaria
635 2403 693 2449 de
715 2404 826 2450 cada
857 2420 953 2450 mes
981 2420 1027 2450 se
1057 2403 1116 2450 ha
1145 2404 1309 2450 escrito
1340 2405 1367 2451 a
1399 2404 1461 2452 V.
1487 2403 1540 2452 P.
1566 2405 1624 2451 de
1648 2404 1712 2450 las
1734 2421 1864 2451 cosas

212 2478 270 2524 de
297 2479 389 2524 aea.
419 2477 532 2524 Esta
555 2494 603 2524 es
627 2494 737 2541 para
767 2483 1043 2543 acompafiar
1072 2489 1165 2525 este
1191 2478 1362 2543 pliego,
1388 2495 1443 2525 en
1474 2474 1514 2524 el
1545 2478 1651 2542 qual
1675 2496 1766 2526 van
1790 2479 1864 2526 los

214 2551 468 2615 despachos
493 2551 566 2598 del
600 2551 777 2616 colegio
807 2569 898 2617 que
927 2570 973 2600 se
1002 2551 1157 2614 ofrece
1188 2569 1245 2599 en
1277 2552 1521 2616 Sigfienca,
1546 2569 1636 2616 que
1659 2552 1699 2599 el
1724 2558 1862 2600 sefior

214 2626 331 2672 dean
357 2626 413 2672 de
436 2625 662 2690 Sigfienca
687 2627 842 2690 quiere
867 2627 1021 2684 hazer,
1053 2627 1186 2673 sobre
1218 2626 1257 2672 el
1289 2626 1395 2690 qual
1422 2637 1608 2672 nuestro
1632 2626 1683 2674 P.
1713 2627 1857 2674 Fran-

213 2699 330 2745 cisco
356 2702 466 2745 avra
490 2700 655 2746 escrito
681 2702 706 2747 a
730 2700 789 2748 V.
817 2701 866 2747 P.
894 2701 1037 2765 largo;
1070 2719 1101 2764 y
1126 2718 1224 2763 assy
1252 2702 1278 2747 a
1298 2717 1381 2763 my
1407 2717 1468 2746 no
1493 2716 1566 2747 me
1592 2701 1742 2764 queda
1765 2702 1861 2766 que

214 2774 358 2831 dezir,
384 2774 484 2820 sino
508 2791 598 2838 que
620 2792 694 2821 me
717 2792 879 2839 parece
903 2793 993 2840 que
1023 2792 1069 2821 es
1101 2791 1191 2821 vna
1218 2775 1276 2821 de
1306 2773 1371 2820 las
1399 2773 1536 2820 obras
1561 2776 1659 2821 mas
1682 2775 1858 2839 impor-

269 2967 283 2993 ¹
340 2970 447 3017 Quae
467 2974 679 3017 sequuntur
699 2971 753 3007 ita
772 2970 1022 3007 concinnavit
1036 2970 1211 3016 TELLES‚
1228 2965 1255 3005 l.
1273 2980 1318 3014 c.‚
1335 2979 1422 3015 pag.
1443 2977 1531 3016 579:
1552 2968 1859 3006 «Conservando

213 3044 283 3070 seu
302 3034 422 3080 limpo
443 3038 480 3070 et
500 3045 597 3080 puro
618 3035 754 3071 estado
776 3045 862 3071 com
889 3034 1041 3081 aquella
1067 3037 1203 3069 sancta
1228 3032 1512 3078 simplicidade‚
1534 3033 1581 3068 de
1603 3043 1676 3079 que
1698 3043 1745 3069 ao
1764 3044 1859 3080 pre·-

212 3100 321 3133 sente
341 3107 464 3142 usam,
488 3100 524 3133 et
545 3097 662 3133 assim
683 3094 944 3146 confidentes,
964 3092 1219 3134 habitabunt
1234 3091 1278 3132 z'n
1297 3091 1583 3132 adiutorio...»
1607 3099 1677 3131 etc.

268 3157 284 3182 ²
339 3158 397 3196 Ex
417 3160 661 3206 autographo
681 3160 720 3195 in
741 3160 818 3197 vol.
838 3159 881 3203 F,
901 3158 1045 3205 duplici
1067 3157 1174 3204 folio,
1195 3167 1232 3196 n.
1254 3157 1318 3204 67,
1340 3157 1446 3204 prius
1466 3157 1557 3204 384.
