2046 3548
819 276 872 304 AD
902 274 1123 304 LECTOREM
1712 274 1734 312 7

218 375 530 432 Lovaniensis,
566 361 794 433 30⁸Oct.,
831 372 877 418 in
902 388 992 436 qua
1028 370 1359 417 Adriaenssens
1386 378 1555 415 statum
1592 385 1640 415 ac
1674 386 1787 416 con-

151 450 373 497 ditionem
399 447 642 504 sodalium,
669 447 725 494 ad
749 463 845 493 rem
872 445 1141 492 familiarem
1168 444 1294 509 quod
1319 443 1494 500 attinet,
1520 443 1721 507 exponit.

221 525 487 581 Viennensis,
515 538 540 584 3
569 523 718 581 Nov.‚
751 522 797 568 in
822 539 912 586 qua
950 522 1000 568 Ρ.
1034 521 1255 567 Nicolaus
1278 519 1335 566 de
1363 518 1525 582 Lanoy
1551 519 1606 566 de
1637 518 1788 566 Socie-

153 601 256 646 tatis
276 599 540 664 gymnasiis,
566 598 740 661 Pragae
765 608 901 662 atque
926 596 1193 660 Ingolstadii
1219 594 1522 652 instituendiS,
1547 594 1604 641 de
1626 595 1789 641 misero

152 673 383 738 religionis
419 683 541 719 statu
574 673 619 719 in
652 672 862 729 Austria,
897 672 954 719 de
991 669 1338 727 Maximiliano,
1380 685 1485 732 rege
1528 669 1790 729 Bohemiae,

152 747 452 795 novatoribus
481 763 658 793 morem
692 758 898 810 gerente,
931 745 1129 809 denique
1159 745 1215 791 de
1251 743 1354 790 Bt0.
1388 743 1573 790 Canisio
1604 743 1791 809 aliisque

150 823 282 869 sociis
306 823 363 869 ad
387 822 619 886 Ignatium
645 821 818 869 scribit.

219 897 545 961 Hispanorum
586 896 802 959 epistolae
844 895 980 959 hujus
1021 893 1243 956 temporis
1282 892 1435 955 plures
1471 892 1791 940 habentur.—

153 973 403 1037 Exagitata
428 989 574 1036 nuper
604 971 754 1036 fuerat
778 970 975 1018 Societas
1006 969 1263 1016 saevissima
1293 979 1563 1031 tempestate
1596 969 1788 1015 Caesar-

151 1064 385 1112 augustae,
410 1064 555 1112 usque
580 1046 707 1103 adeo,
734 1057 786 1092 ut
809 1045 937 1102 socii,
962 1044 1109 1091 solum
1136 1055 1313 1090 vertere
1336 1043 1580 1107 compulsi,
1617 1044 1789 1091 Pedro-

152 1124 263 1181 lam,
295 1123 521 1187 oppidum
551 1121 774 1168 comitum
806 1120 862 1167 de
891 1120 1182 1183 Rivagorza,
1217 1118 1438 1164 Francisci
1473 1118 1669 1181 Borgiae
1699 1118 1790 1164 fra-

152 1211 292 1255 trum,
316 1196 626 1260 confugerint.
659 1194 861 1241 Doluere
892 1195 938 1241 id
972 1194 1136 1257 optimi
1161 1195 1356 1257 quique,
1383 1203 1519 1256 atque
1554 1193 1599 1238 in
1631 1193 1790 1256 primis

150 1273 332 1333 Joanna
362 1272 594 1335 princeps,
620 1287 736 1333 quae
765 1286 848 1333 pro
882 1267 1020 1315 fratre
1055 1285 1155 1325 suo,
1185 1268 1402 1331 Philippo
1427 1267 1494 1326 II,
1518 1267 1701 1314 clavum
1727 1268 1788 1313 rei

151 1346 357 1410 publicae
387 1344 586 1392 tenebat.
624 1344 803 1390 Rerum
837 1343 996 1390 seriem
1032 1343 1291 1388 universam
1327 1341 1541 1405 epistolae
1573 1341 1618 1387 in
1650 1358 1787 1404 supe-

150 1421 267 1469 riore
291 1419 528 1466 volumine
553 1429 794 1466 contentae
818 1419 924 1465 satis
949 1435 1177 1482 superque
1201 1418 1444 1481 explicant,
1470 1428 1648 1464 motum
1675 1417 1788 1472 scili-

148 1506 220 1542 cet
249 1495 617 1542 adversariorum
647 1494 905 1550 Societatis,
949 1505 1212 1539 nostrorum
1254 1491 1431 1538 abitum
1468 1509 1526 1538 ex
1558 1491 1693 1550 urbe,
1729 1503 1788 1548 et,

149 1581 314 1634 agente
338 1569 466 1616 omni
492 1568 592 1614 nisu
615 1569 819 1629 Joanna,
845 1568 1050 1631 ipsorum
1078 1567 1122 1613 in
1147 1583 1249 1613 suas
1279 1567 1411 1613 aedes
1436 1566 1615 1630 plenam
1643 1566 1788 1612 hono-

147 1646 207 1691 ris
232 1644 552 1691 reversionem.
581 1643 705 1690 Cum
730 1659 841 1688 vero
867 1643 983 1688 inter
1008 1641 1092 1688 alia
1116 1641 1328 1688 edixisset
1354 1641 1577 1704 princeps,
1598 1652 1649 1687 ut
1674 1641 1788 1686 anti-

149 1719 263 1766 stitis
287 1718 503 1775 vicarius,
528 1717 692 1781 Lupus
718 1717 908 1776 Marco,
933 1716 1071 1762 abbas
1099 1715 1366 1772 verulensis‚
1393 1715 1469 1779 qui
1497 1715 1785 1761 inimicorum

149 1793 382 1841 Societatis
414 1803 553 1856 caput
585 1809 678 1839 esse
710 1791 958 1850 ferebatur,
990 1792 1046 1837 ad
1076 1790 1250 1837 curiam
1282 1791 1531 1847 accederet,
1564 1791 1786 1835 rationem

147 1869 204 1916 de
234 1867 365 1915 factis
395 1867 680 1925 redditurus,
713 1866 851 1931 idque
876 1865 948 1912 ille
974 1865 1173 1912 maxime
1199 1864 1526 1923 reformidans,
1555 1881 1705 1910 moras
1733 1881 1789 1910 ex

149 1943 288 1999 moris
320 1942 524 1999 trahens,
555 1941 740 2005 exsequi
774 1942 819 1987 in
845 1941 942 1988 dies
973 1951 1284 1998 cunctaretur,
1312 1940 1575 2003 Aragoniae
1605 1939 1787 2002 proregi

147 2018 350 2078 Joanna,
388 2019 447 2064 28
485 2017 609 2074 Oct.,
646 2015 797 2062 verbis
838 2015 1115 2079 gravissimis
1152 2014 1352 2078 scripsit,
1389 2014 1560 2080 jubens
1596 2013 1787 2076 Lupum

153 2093 321 2139 Marco
348 2089 666 2138 V‘allisoletum
697 2091 791 2136 sine
822 2089 912 2136 ulla
947 2089 1319 2153 tergiversatione
1353 2089 1497 2146 adire,
1529 2105 1621 2134 sese
1652 2089 1709 2134 de
1741 2104 1788 2133 re

149 2179 246 2215 tota
271 2165 847 2231 purgaturum.-—-Sodales
872 2176 1040 2221 autem,
1065 2165 1146 2210 etsi
1174 2164 1375 2210 maximo
1401 2165 1574 2209 honore
1600 2163 1787 2209 Caesar-

149 2254 392 2307 augustam
418 2241 613 2288 revocati
641 2239 836 2298 fuerant,
862 2240 970 2285 etin
995 2239 1270 2304 adjuvandis
1291 2238 1511 2302 proximis
1531 2237 1646 2283 bene
1671 2248 1787 2283 tem—

148 2334 235 2382 pus
257 2329 303 2364 et
325 2333 513 2380 operam
539 2315 836 2371 collocabant,
863 2331 955 2360 non
974 2325 1128 2359 tamen
1147 2313 1338 2359 omnino
1358 2330 1466 2376 pace
1491 2329 1539 2358 ac
1566 2311 1787 2374 tranquil-

150 2392 272 2438 litate
291 2409 367 2438 eos
391 2407 443 2437 ea
467 2391 512 2436 in
533 2389 646 2436 urbe
671 2388 761 2435 frui
787 2390 953 2436 docent
976 2398 1398 2451 caesaraugustanae
1415 2387 1643 2433 sociorum
1667 2386 1786 2432 litte-

150 2482 223 2512 rae
247 2477 292 2512 et
316 2465 552 2528 responsio
577 2465 634 2511 ad
660 2464 834 2510 libellos
864 2463 1088 2527 quosdam
1121 2474 1279 2509 contra
1311 2462 1581 2508 Societatem
1614 2461 1785 2507 ibidem

135 2557 348 2604 sparsos,
381 2556 397 2586 1
429 2541 556 2588 Nov.
1579 2550 1584 2554 ’

214 2615 385 2671 Aliam,
412 2614 560 2661 multo
586 2615 834 2672 laetiorem,
860 2612 1021 2660 faciem
1046 2613 1297 2660 ostendunt
1320 2612 1492 2658 litterae
1517 2629 1542 2657 a
1568 2611 1616 2658 P.
1644 2611 1786 2656 Fran-

149 2690 266 2737 cisco
293 2691 350 2738 de
374 2690 645 2737 Villanueva
669 2689 859 2737 diversis
883 2706 940 2735 ex
963 2688 1072 2734 locis
1097 2688 1268 2734 missae.
1295 2687 1435 2734 Nam.

215 2765 523 2824 Placentinae,
555 2779 607 2827 15
631 2765 760 2821 Oct.,
786 2775 831 2810 et
853 2763 1202 2818 vallisoletanae‚
1238 2776 1297 2807 20
1323 2761 1474 2819 Nov.‚
1507 2761 1786 2807 incrementa

150 2838 342 2902 collegii,
367 2840 493 2903 quod
520 2839 788 2903 magnificus
813 2838 1076 2885 Gutierrius
1094 2837 1150 2884 de
1170 2836 1361 2900 Vargas,
1386 2837 1639 2899 episcopus,
1660 2837 1785 2900 regio

150 2925 340 2977 sumptu
378 2913 633 2960 Placentiae
666 2913 960 2970 moliebatur3
991 2913 1229 2959 conchensis
1264 2929 1394 2970 vero,
1427 2927 1483 2973 31
1520 2912 1657 2970 Dec.,
1688 2924 1786 2959 acta

149 3004 256 3035 cum
283 2987 529 3050 Alphonso
563 2988 782 3035 Ramirez
815 2988 871 3034 de
900 2988 1123 3051 Vergara,
1150 2986 1418 3033 Societatem
1450 2987 1628 3050 ingredi
1659 2988 1784 3050 cogi-

151 3073 290 3119 tante,
315 3061 559 3124 explicant.

218 3137 528 3200 Complutensis
558 3136 749 3200 epistola
776 3137 922 3183 Patris
951 3135 1266 3184 Emmanuelis
1292 3135 1462 3200 Lopes,
1491 3150 1547 3198 23
1574 3137 1699 3195 Oct.,
1727 3136 1783 3182 de
