2014 3528
808 262 852 301 13
883 260 1025 289 mmm
1058 248 1158 302 1556
1667 257 1743 300 255

166 355 222 406 P.
249 357 322 404 M.
350 355 530 414 Pontio,
556 356 781 404 lasciando
806 357 902 403 cosi
926 373 1006 404 sua
1030 357 1186 404 madre
1210 367 1255 403 et
1278 356 1291 402 i
1322 356 1420 402 suoi
1446 353 1605 402 fratelli
1631 371 1795 401 conso-

166 431 256 489 lati,
275 433 394 478 stara
415 448 502 478 con
528 431 606 494 ρίὐ
634 431 911 496 tranquillita
935 432 980 479 d'
1006 432 1173 488 animo;
1192 443 1238 478 et
1260 448 1344 478 con
1366 431 1573 495 maggior
1598 428 1795 487 feruore,

166 506 441 570 hauendogli
484 504 600 552 fatto
638 505 772 553 Iddio
807 507 866 552 tal
900 506 1127 565 benefitio,
1162 505 1393 570 segnalato
1425 518 1494 551 tra
1525 505 1637 551 tanti
1678 504 1796 563 altri,

166 581 401 627 attendera
426 598 450 626 a
474 580 624 644 quello
657 598 681 626 a
710 581 794 627 che
826 581 866 627 la
895 599 975 627 sua
1007 580 1288 645 professione
1321 581 1348 626 l'
1379 592 1598 644 astrenge.
1633 579 1686 626 Io
1717 596 1798 643 per

166 672 240 702 me
273 656 316 701 n'
350 655 409 701 ho
441 654 615 700 hauuto
648 665 693 700 et
726 655 787 700 ho
821 655 924 719 quel
957 655 1146 718 piaceoe,
1180 672 1310 701 come
1341 655 1384 700 d'
1421 655 1528 718 ogni
1571 654 1684 700 bene
1713 654 1796 701 che

166 743 343 792 potesse
386 729 595 775 accadere
635 746 659 774 a
694 730 784 776 mia
818 729 973 776 madre
1006 741 1052 776 et
1083 728 1261 786 fratelli,
1295 729 1580 775 conoscendo
1613 729 1695 775 che
1736 729 1797 775 tal

166 803 318 848 buona
343 803 495 849 donna
519 803 703 848 uecchia
728 803 889 849 merita
911 804 1019 866 ogni
1054 804 1166 849 bene
1191 820 1272 866 per
1306 803 1346 848 la
1379 820 1458 848 sua
1483 803 1624 849 bonta
1650 822 1672 850 e
1697 821 1798 850 san-

166 878 357 924 timonia
385 878 468 923 che
501 878 546 923 in
579 878 631 923 lei
669 877 816 925 riluce.
852 878 938 924 Me
970 895 1025 924 ne
1055 877 1248 941 rallegro
1280 877 1422 924 anche
1460 895 1540 940 per
1572 878 1715 924 amor'
1741 878 1799 925 de

166 952 263 998 suoi
305 950 482 1010 fratelli,
524 951 645 1016 quali
676 969 789 998 sono
829 963 912 1010 tre,
942 964 988 998 et
1030 953 1232 1016 giouani,
1274 965 1319 999 et
1349 953 1455 999 tutti
1498 953 1709 1011 maritati,
1754 964 1799 999 et

167 1027 320 1073 hanno
360 1026 566 1090 figliuoli,
598 1026 717 1090 quali
750 1027 808 1073 da
848 1027 925 1090 qui
957 1027 1002 1073 in
1034 1028 1109 1090 poi
1142 1039 1371 1090 potranno
1414 1027 1493 1089 pisi
1533 1028 1799 1073 commoda-

167 1113 321 1148 mente
347 1101 502 1148 uiuere
527 1119 551 1147 e
580 1101 818 1147 sostentar'
854 1102 921 1148 lor
953 1102 1131 1159 madre,
1158 1119 1223 1158 se,
1250 1114 1295 1148 et
1326 1102 1394 1148 lor
1419 1100 1642 1165 famiglia3
1674 1114 1719 1148 et
1755 1119 1800 1147 se

169 1174 256 1220 ben
282 1175 487 1220 haueano
508 1174 711 1220 uenduto
736 1174 747 1220 i
768 1173 868 1220 beni
890 1173 962 1220 ch'
981 1185 1350 1237 apparteneuano
1369 1174 1408 1220 al
1431 1174 1485 1221 P.
1515 1175 1587 1222 M.
1614 1175 1798 1233 Pontio,

166 1251 279 1312 pero
309 1260 353 1294 et
386 1249 414 1294 l'
441 1250 527 1306 eta,
554 1260 600 1295 et
624 1249 666 1294 la
689 1248 916 1306 necessita,
942 1249 1057 1295 nella
1083 1248 1213 1313 quale
1239 1266 1263 1294 a
1287 1249 1391 1313 quei
1418 1249 1558 1311 tempi
1587 1248 1619 1294 si
1647 1259 1800 1294 troua-

167 1341 309 1380 uano,
336 1322 363 1368 l'
388 1340 559 1381 escusa,
587 1340 681 1369 non
712 1323 740 1369 li
774 1323 988 1369 hauendo
1023 1323 1212 1369 uenduti
1240 1323 1296 1369 ne
1329 1340 1409 1386 per
1433 1323 1605 1387 giochi‚
1632 1323 1688 1368 ne
1721 1340 1802 1386 per

167 1397 268 1443 altri
294 1397 381 1442 mal
407 1397 548 1454 affari,
573 1397 765 1443 essendo
789 1398 924 1461 quelli
954 1397 1104 1443 buone
1131 1414 1337 1460 persone,
1362 1397 1482 1460 quali
1504 1397 1752 1443 attendono
1777 1414 1802 1442 a

166 1471 252 1518 casi
279 1470 392 1530 loro,
418 1483 463 1517 et
486 1472 530 1518 di
559 1472 710 1518 buona
735 1483 909 1528 natura,
943 1471 1065 1517 nulla
1088 1471 1291 1517 curando
1322 1471 1366 1517 di
1393 1471 1497 1535 quel
1529 1471 1611 1517 che
1646 1488 1671 1517 a
1702 1471 1800 1517 loro

168 1562 260 1592 non
285 1545 521 1593 conuiene.
551 1546 694 1610 Sopra
717 1546 788 1592 cio
808 1557 970 1609 questo
989 1545 1152 1592 abasta.
1175 1545 1282 1591 Alla
1297 1558 1450 1592 nostra
1469 1556 1648 1592 tornata
1670 1546 1800 1610 (qual

169 1620 307 1667 Iddio
333 1631 488 1666 nostro
513 1621 694 1684 signore
718 1619 857 1668 faccia
880 1621 941 1667 sia
967 1620 1110 1681 felice,
1134 1639 1180 1668 se
1205 1623 1303 1668 sara
1329 1639 1352 1667 a
1379 1622 1553 1685 magior
1579 1621 1722 1686 gloria
1756 1632 1803 1667 et

170 1694 271 1741 lode
306 1695 427 1757 sua),
452 1705 498 1741 et
521 1694 549 1741 il
576 1706 732 1742 nostro
759 1696 906 1743 molto
933 1697 1059 1744 Rdo.
1088 1697 1235 1743 Padre
1266 1707 1311 1743 et
1335 1696 1396 1744 V.
1425 1697 1484 1743 R.
1511 1713 1567 1743 ne
1602 1697 1701 1743 sara
1726 1695 1800 1743 dal

170 1769 419 1816 medesimo
446 1770 500 1817 P.
529 1771 604 1817 M.
630 1770 798 1817 Pontio
823 1789 846 1816 a
871 1772 1005 1834 pieno
1031 1771 1361 1835 ragguagliatO.

235 1843 383 1890 Penso
415 1844 498 1890 che
534 1861 583 1891 ce
623 1861 678 1891 ne
708 1862 920 1891 uerremo
952 1845 1024 1891 all’
1056 1846 1323 1909 apostolica:
1359 1846 1402 1891 io
1437 1845 1497 1891 ho
1532 1845 1621 1892 ben
1654 1862 1799 1891 cono-

169 1917 315 1964 sciuto
338 1917 420 1963 che
447 1917 472 1962 'l
500 1917 554 1964 P.
581 1917 658 1965 M.
682 1918 850 1964 Pontio
877 1919 901 1964 ε
926 1929 1044 1965 stato
1069 1918 1194 1965 buon
1216 1919 1500 1981 procurator’
1521 1918 1636 1964 della
1656 1918 1799 1964 Com-

165 1991 349 2055 'pagnia,
381 1991 618 2058 pereioche
658 1993 716 2038 ha
749 1991 864 2038 fatto
894 1992 948 2050 si,
986 1992 1068 2039 che
1098 1991 1160 2038 fin
1192 1992 1270 2056 qui
1303 2008 1394 2038 non
1435 2008 1484 2037 ce
1523 1991 1546 2037 ἐ
1590 2003 1799 2037 mancato

172 2067 336 2123 niente3
361 2084 452 2113 non
479 2084 530 2113 so
555 2069 667 2131 pero
692 2067 797 2131 quel
822 2069 921 2114 sara
945 2084 1026 2131 per
1053 2066 1081 2113 l’
1106 2067 1340 2114 aduenire:
1376 2067 1437 2113 ho
1469 2067 1556 2112 ben
1580 2082 1800 2130 speranza

170 2142 251 2188 che
280 2142 306 2187 ’l
331 2142 498 2206 Signor
521 2143 564 2189 in
591 2160 756 2190 nessun
783 2142 923 2190 modo
947 2143 984 2189 ci
1011 2143 1269 2200 manchera,
1296 2153 1378 2189 etc.

239 2216 413 2263 Perche
439 2217 498 2263 ho
524 2217 729 2264 riceuuto
753 2218 843 2264 due
862 2218 1032 2276 lettere,
1060 2235 1147 2263 vna
1162 2217 1210 2263 di
1237 2217 1469 2280 Philippo,
1490 2216 1583 2262 mio
1599 2214 1796 2274 fratello,

170 2289 200 2336 l'
240 2291 352 2337 altra
397 2291 442 2338 di
488 2292 564 2339 M.
606 2292 799 2355 Sulpitio
839 2292 986 2349 Gallo,
1020 2292 1236 2338 canonico
1276 2292 1320 2338 di
1364 2292 1453 2337 San
1494 2290 1712 2336 Lorenzo
1753 2302 1800 2336 et

172 2365 386 2423 Damaso,
415 2383 439 2411 a
462 2366 582 2430 quali
609 2383 700 2412 non
725 2367 944 2430 rispondo
969 2383 1050 2429 per
1073 2365 1206 2412 esser'
1226 2366 1299 2412 noi
1325 2366 1371 2412 in
1388 2366 1597 2429 procinto
1622 2365 1667 2412 di
1693 2381 1799 2428 par-

169 2439 265 2486 tirci
292 2457 372 2503 per
400 2441 566 2497 Roma;
593 2457 735 2504 prego
758 2441 815 2488 V.
841 2442 916 2498 R„
934 2458 979 2487 se
998 2442 1059 2504 gli
1081 2443 1241 2504 parera
1259 2458 1345 2488 con
1365 2441 1518 2506 buona
1535 2441 1706 2486 licenza
1726 2440 1799 2486 del

170 2525 327 2559 nostro
351 2513 512 2571 Padre,
538 2515 572 2560 si
603 2514 740 2578 degni
772 2513 904 2578 fargli
935 2514 1116 2561 salutar'
1143 2514 1200 2561 da
1226 2515 1316 2561 mia
1347 2526 1488 2577 parte,
1514 2525 1559 2560 et
1589 2514 1686 2561 dire
1717 2514 1800 2560 che

169 2587 311 2634 siamo
336 2599 489 2651 presto
518 2605 604 2635 con
638 2589 664 2634 l'
690 2588 814 2635 aiuto
844 2588 915 2635 del
943 2588 1108 2652 Signor
1138 2589 1185 2635 di
1215 2589 1405 2646 ritorn0‚
1436 2600 1481 2635 et
1508 2589 1590 2635 che
1620 2605 1701 2652 per
1726 2588 1798 2635 cio

170 2678 263 2708 non
287 2662 348 2708 ho
372 2662 564 2726 risposto
589 2663 671 2709 alle
695 2663 794 2710 loro
818 2663 862 2710 di
896 2664 949 2710 16
976 2663 1023 2709 d'
1048 2664 1230 2726 Agosto
1253 2663 1324 2710 del
1354 2678 1377 2726 5
1387 2676 1428 2725 5.

235 2735 371 2783 Altro
396 2754 489 2784 non
514 2737 575 2784 mi
599 2754 759 2784 ocorre
783 2737 823 2783 al
848 2749 1071 2801 presente,
1095 2737 1322 2784 senonche
1348 2738 1409 2784 mi
1445 2737 1801 2784 raccommando

171 2809 242 2855 all'
274 2811 466 2857 orationi
500 2812 544 2858 di
575 2811 635 2861 V.
681 2813 762 2870 R.;
797 2811 1076 2876 pregandola
1114 2812 1175 2857 mi
1211 2811 1364 2875 uoglia
1405 2811 1796 2858 raccommandar’

171 2883 253 2930 alle
276 2897 401 2932 sante
426 2886 619 2933 orationi
643 2886 690 2933 di
715 2897 872 2933 nostro
899 2887 1046 2934 Padre
1072 2897 1117 2933 et
1139 2887 1196 2933 de
1219 2887 1326 2933 tutti
1351 2887 1364 2933 i
1386 2886 1523 2933 Padri
1550 2896 1595 2932 et
1619 2884 1798 2942 fratelli,

170 2969 215 3004 et
239 2959 308 3004 del
338 2958 515 3006 fratello
542 2961 616 3008 M.
640 2961 762 3021 Joan
786 2961 1014 3025 Philippo.
1042 2962 1103 3007 D’
1108 2961 1358 3024 Auignone
1377 2961 1447 3007 alli
1480 2975 1532 3021 13
1555 2961 1600 3007 di
1628 2960 1798 3005 Marzo

178 3033 314 3095 1556.
338 3034 401 3080 Di
426 3034 485 3082 V.
513 3036 573 3084 R.
600 3036 757 3082 inutile
781 3053 916 3083 seruo
940 3047 985 3082 et
1011 3035 1250 3099 figliuolo
1242 3053 1286 3082 in
1314 3036 1413 3094 X.⁰‚

234 3106 386 3166 JULlo
424 3108 711 3169 Honor-1³10,
743 3110 1096 3174 indegnamente
1124 3109 1239 3157 della
1273 3109 1563 3173 Compagnia
1593 3109 1637 3156 di
1668 3108 1796 3168 Jesu.
