2066 3516
774 258 798 297 7
827 246 1017 299 JANuARn
1049 248 1152 299 1556
1659 260 1734 301 159

210 353 403 414 Quanto
434 353 460 399 a
483 351 529 398 lo
558 351 616 398 de
646 351 882 411 Calabria,
916 369 1052 417 spero
1082 365 1315 417 respuesta
1344 354 1402 400 de
1436 354 1480 400 lo
1511 371 1601 418 que
1626 354 1793 402 hemos

143 428 294 474 serito.
322 427 380 475 El
406 427 557 474 officio
581 427 639 474 de
665 427 706 473 la
730 428 948 475 charidad
972 445 1031 474 va
1049 428 1270 487 adelante,
1287 445 1374 492 por
1398 430 1549 492 gracia
1572 431 1630 476 de
1655 446 1788 476 nues-

145 514 217 548 tro
248 502 405 558 Sefior,
430 519 459 564 y
485 502 682 565 siempre
712 519 758 547 se
789 502 936 548 hazen
963 519 1073 565 muy
1105 502 1276 548 buenas
1300 503 1434 549 obras
1458 501 1484 550 ¹.
1516 505 1617 550 Aca
1647 521 1693 550 se
1730 504 1793 550 ha

145 577 266 623 dado
306 577 453 623 orden
494 593 584 640 que
616 594 702 639 por
740 577 872 623 todas
902 577 1165 640 parrochias
1194 594 1240 623 se
1271 595 1469 640 ensenye
1501 578 1542 624 la
1581 579 1789 625 doctrina

145 651 322 715 xpiana.
350 650 417 697 los
443 651 691 714 domingos
715 668 743 714 y
770 651 940 708 fiestas,
965 668 993 714 y
1019 668 1065 697 se
1089 651 1301 698 entiende
1332 669 1387 698 en
1419 669 1508 716 que
1532 670 1577 698 se
1603 653 1722 717 haga
1744 652 1795 699 lo

146 724 313 771 mismo
337 740 425 787 por
450 725 562 770 todo
587 725 626 770 el
651 741 808 787 reyno.
835 725 890 771 Se
913 725 1025 771 dara
1049 741 1137 788 por
1166 736 1289 771 otras
1318 724 1463 789 major
1487 724 1788 772 information

145 800 271 846 desta
303 800 433 846 obra.
470 799 737 862 Ensenyase
766 799 808 845 la
839 799 1047 846 doctrina
1077 815 1168 863 que
1196 810 1489 862 stampamOS.
1534 800 1638 846 Con
1675 813 1797 847 estas

145 874 294 920 fiestas
332 891 393 920 no
434 890 480 920 se
523 874 582 919 ha
622 874 796 937 podido
838 874 1018 919 acabar:
1061 873 1159 919 solo
1200 890 1256 936 ay
1294 891 1384 919 vna
1425 874 1498 937 oja
1537 875 1790 937 stampada,

145 965 257 995 over
277 947 294 972 ²
317 948 489 1012 plieg0:
516 949 675 1012 pienso
699 950 831 995 seran
851 948 979 994 hasta
998 959 1088 993 tres
1106 947 1281 1011 pliegos
1300 949 1328 993 6
1347 963 1466 1005 poco
1486 951 1598 996 mas.
1625 949 1680 995 Se
1702 950 1790 995 han

146 1022 374 1085 anyadido
411 1022 602 1086 algunas
632 1038 782 1080 cosas,
815 1038 906 1085 que
938 1038 1047 1068 eran
1087 1038 1144 1067 en
1182 1021 1224 1067 la
1263 1022 1471 1068 doctrina
1511 1023 1692 1086 xpiana.
1734 1024 1796 1070 de

147 1097 299 1144 Mtro.
325 1096 577 1143 Salmer6n.

214 1171 357 1219 Sobre
387 1171 426 1217 el
459 1171 651 1235 negocio
681 1171 739 1217 de
770 1170 810 1216 la
842 1170 1073 1216 ascension
1104 1169 1135 1224 ³,
1169 1169 1270 1216 dias
1294 1170 1352 1215 ha
1376 1187 1465 1234 que
1491 1188 1550 1217 no
1578 1187 1660 1217 nos
1685 1171 1791 1217 scri-

147 1263 237 1292 uen
279 1245 408 1292 nada.
453 1244 513 1292 El
561 1245 710 1307 virrey
760 1244 958 1308 siempre
1006 1261 1080 1290 me
1127 1256 1358 1308 pregunta
1408 1246 1589 1292 cuando
1630 1245 1800 1292 recebo

147 1332 318 1379 cartas,
343 1320 434 1383 que'
463 1336 510 1365 es
540 1318 586 1365 lo
615 1336 704 1383 que
729 1336 804 1365 me
826 1319 1006 1366 scriuen
1030 1318 1164 1365 sobre
1196 1320 1302 1376 ello;
1328 1337 1356 1382 y
1382 1337 1439 1382 ya
1464 1320 1550 1366 dos
1575 1338 1711 1366 vezes
1736 1321 1799 1366 he

148 1395 357 1442 recebido
380 1406 547 1452 cartas,
572 1412 663 1459 que
689 1412 750 1442 no
775 1396 923 1442 hazen
951 1395 1163 1442 mencion
1194 1412 1250 1442 en
1285 1395 1391 1441 ellas
1423 1396 1550 1442 deste
1582 1396 1795 1460 negocio.

151 1469 449 1516 Marauillase
472 1487 560 1516 con
586 1470 631 1516 lo
655 1487 745 1534 que
764 1469 805 1517 le
824 1471 914 1517 han
933 1470 1085 1527 serito,
1104 1487 1134 1533 y
1155 1487 1215 1533 yo
1239 1469 1297 1517 de
1316 1469 1429 1516 boca
1448 1470 1487 1516 le
1517 1470 1621 1533 [he]
1644 1470 1800 1526 dicho,

204 1680 218 1705 ¹
275 1682 361 1718 Non
377 1692 456 1718 uno
478 1682 516 1717 in
537 1682 624 1718 loco
647 1682 797 1728 egimus
816 1683 863 1717 de
885 1682 959 1717 hac
979 1681 1234 1718 institutione.
1261 1681 1356 1717 Eam
1378 1682 1562 1718 describit
1583 1683 1793 1728 POLANCO,

150 1749 176 1781 t.
197 1753 239 1790 v,
267 1755 355 1791 pag.
387 1745 478 1791 188,
505 1756 543 1781 n.
568 1754 666 1793 542,
693 1756 739 1781 ex
767 1755 844 1792 quo
870 1744 1074 1791 sequentia
1094 1746 1206 1791 juvat
1231 1755 1453 1791 excerpere:
1479 1745 1680 1781 ‹Accessit
1705 1745 1801 1781 huic

152 1807 259 1853 operi
287 1807 378 1853 pio»
402 1807 449 1843 de
471 1813 602 1843 monte
624 1807 780 1853 pictatis
807 1807 998 1854 loquitur,
1022 1817 1178 1843 «mense
1203 1806 1383 1853 Augusto
1406 1803 1564 1858 [1555],
1587 1808 1692 1844 aliud
1717 1818 1794 1843 non
1827 1850 1841 1867 ἱ

152 1870 280 1906 minus
300 1871 406 1916 pium
429 1880 541 1916 opus,
563 1871 679 1917 quod,
700 1875 744 1907 ut
771 1881 930 1916 novum,
951 1870 1005 1907 ita
1024 1881 1127 1907 novo
1147 1872 1355 1907 voluerunt
1382 1872 1567 1917 appellari
1589 1872 1795 1917 vocabulo,

153 1933 303 1969 scilicet
326 1932 565 1970 «Consilium
583 1933 817 1970 Charitatis›
841 1935 901 1970 vel
926 1933 1131 1970 «Officium
1148 1933 1396 1979 Charitatis»,
1419 1934 1510 1980 quia
1531 1935 1627 1970 nihil
1648 1945 1793 1980 eorum,

153 2007 254 2043 quae
282 1997 331 2032 ad
359 1997 588 2033 charitatem
617 2007 663 2032 ac
690 1996 875 2042 pietatem
904 1996 1159 2032 exercendam
1189 1996 1400 2042 pertinent,
1427 1997 1611 2034 excludit.
1643 1997 1799 2043 Scopus.

153 2059 266 2105 hujus
286 2059 415 2104 operis
437 2062 496 2095 est
524 2058 792 2104 spiritualibus
812 2059 946 2104 rebus,
969 2069 1014 2094 ac
1033 2058 1242 2104 praecipue
1263 2059 1462 2095 eharitatis
1483 2060 1683 2106 operibus,
1706 2070 1796 2096 eon-

154 2121 290 2167 sulere,
308 2125 345 2157 et
367 2121 415 2156 ad
435 2122 511 2157 hoc
531 2121 794 2167 excogitatum
812 2124 869 2157 est
889 2121 1110 2167 hujusmodi
1126 2121 1388 2159 Institutum...
1406 2122 1487 2158 Nec
1507 2123 1720 2167 putandum
1737 2126 1796 2158 est

155 2184 329 2219 eamdem
352 2194 438 2219 esse
465 2184 655 2219 rationem
675 2182 789 2229 huJ'us
816 2182 934 2219 officii
963 2193 1008 2218 ac
1034 2183 1177 2219 montis
1203 2183 1413 2230 pietatis...;
1435 2184 1472 2219 in
1494 2183 1560 2220 illo
1582 2185 1683 2220 enim
1703 2195 1801 2231 pau-—

154 2245 309 2291 peribus
331 2246 533 2281 dumtaxat
560 2246 607 2281 de
634 2246 839 2291 temporali
861 2245 1007 2281 auxilio
1028 2245 1263 2292 providetur;
1286 2247 1335 2282 ad
1362 2247 1436 2282 hoe
1455 2251 1625 2284 autem...
1646 2251 1797 2293 spectat

155 2308 251 2343 illud
273 2311 310 2342 et
331 2307 407 2343 alia
426 2307 490 2353 pia
511 2318 630 2353 opera
650 2315 894 2353 conservare;
914 2307 1148 2353 pauperibus
1176 2307 1277 2343 enim
1298 2308 1545 2354 prospicitur,
1569 2309 1698 2344 ablata
1718 2308 1802 2344 illis-

157 2370 420 2415 restituuntur,
442 2374 600 2406 cavetur
626 2380 674 2405 ne
702 2369 794 2416 quid
820 2370 965 2406 viduae
993 2373 1031 2405 et
1054 2369 1194 2416 pupilli
1222 2370 1383 2417 injuriae
1411 2371 1617 2416 patiantur,
1638 2372 1801 2416 templa,

158 2431 409 2476 monasteria,
432 2431 642 2477 hospitalia
663 2436 730 2467 aut
749 2432 860 2477 lapsa
881 2431 1162 2476 instaurantur,
1185 2435 1252 2468 aut
1276 2432 1426 2468 ruinam
1453 2433 1640 2468 minantia
1661 2432 1795 2468 confir-

158 2498 324 2539 mantur,
343 2498 381 2529 et
401 2494 478 2530 alia
498 2494 718 2540 hujusmodi
736 2495 897 2532 multa...
919 2494 966 2530 Et
987 2494 1086 2531 inter
1107 2495 1224 2532 alia...
1246 2495 1410 2533 effecit...
1432 2500 1474 2531 ut
1495 2496 1622 2532 edicto
1637 2496 1803 2541 publico-

159 2560 391 2592 statueretur
410 2561 453 2592 ut
479 2557 640 2603 notarii,
662 2557 694 2593 si
716 2568 815 2603 quae
843 2557 971 2593 sciant
995 2558 1124 2603 legata
1145 2557 1192 2593 ab
1214 2557 1344 2604 aliquo
1370 2558 1504 2594 relicta
1525 2558 1563 2593 in
1583 2558 1669 2604 pios
1688 2569 1795 2604 usus,

159 2618 275 2655 etiam
296 2618 529 2655 haeredibus
548 2620 829 2665 recusantibus,
852 2630 898 2655 ea
917 2619 1107 2666 aperiant,
1127 2623 1164 2655 ct
1183 2619 1256 2665 his,
1277 2621 1340 2666 qui
1361 2625 1544 2666 praesunt
1564 2620 1654 2656 huie
1674 2621 1796 2656 chari-

159 2682 252 2718 tatis
268 2681 437 2724 officio...
452 2682 658 2719 referant...
672 2682 771 2719 Sunt
785 2686 913 2718 autem
927 2682 1039 2718 electi
1053 2682 1126 2718 viri
1139 2692 1207 2718 sex
1222 2683 1273 2718 ad
1286 2682 1507 2729 huJ'usmodi
1521 2682 1793 2719 consilium...»

158 2744 206 2781 Et
226 2755 368 2790 rursus,
389 2755 478 2791 pag.
497 2746 585 2790 218,
607 2756 643 2782 n.
662 2745 752 2791 632,
773 2746 820 2780 de
841 2745 978 2781 eodem
1000 2744 1164 2780 consilio
1185 2755 1316 2791 agens,
1335 2745 1454 2780 addit:
1474 2744 1702 2780 «Decretum
1725 2743 1796 2780 fuit

158 2811 200 2844 ut
227 2811 366 2843 octavo
393 2818 547 2854 quoque
575 2808 636 2844 die
664 2811 1008 2855 congregarentur;
1031 2808 1208 2854 quamvis
1229 2807 1363 2854 quinto
1385 2807 1575 2843 decimo...
1597 2808 1646 2842 ad
1667 2807 1796 2843 Prore-

160 2880 248 2916 gem
274 2869 415 2905 referre
443 2880 510 2906 eos
537 2874 731 2916 oporteret
757 2880 856 2916 quae
883 2870 1039 2905 decreta
1064 2874 1204 2907 essent.
1226 2869 1274 2906 Et
1298 2870 1347 2906 ad
1374 2870 1448 2905 hoc
1468 2869 1684 2906 Consilium
1704 2871 1797 2917 reje-

161 2935 290 2968 cturus
311 2935 392 2966 erat
411 2931 503 2978 Rex,
525 2942 623 2978 quae
644 2931 694 2967 ad
715 2941 833 2978 opera
851 2930 1008 2978 pietatis
1028 2931 1067 2967 in
1086 2934 1169 2967 toto
1190 2941 1236 2968 eo
1255 2941 1374 2978 regno
1393 2931 1668 2977 pertinerent.»

212 2991 228 3015 ²
283 2993 327 3029 Id
347 2998 416 3030 est.

214 3051 230 3077 ³
284 3054 460 3091 Refertur
471 3056 521 3091 ad
535 3055 813 3092 monasterium
828 3054 1094 3102 Ascensionis,
1111 3056 1159 3092 de
1174 3066 1251 3103 quo
1267 3056 1388 3093 multa
1403 3055 1571 3092 diximus
1588 3057 1626 3092 in
1642 3056 1719 3092 vol.
1737 3065 1800 3091 su·

161 3117 313 3164 periore
333 3122 370 3154 et
389 3119 557 3155 maxime
577 3118 616 3155 in
635 3119 713 3156 vol.
734 3126 793 3165 111,
814 3128 902 3165 pag.
927 3128 1018 3165 134,
1040 3118 1130 3166 616,
1152 3119 1242 3166 661,
1263 3119 1354 3166 678,
1377 3128 1563 3166 701-704.
