2040 3528
809 286 830 325 3
861 274 1105 313 NOVEMBRIS
1137 283 1237 325 1555
1741 283 1788 323 75

202 382 301 428 nori
327 380 538 435 anchora;
557 391 603 426 et
625 368 743 426 oltra
762 380 818 427 de
838 391 1016 444 questo,
1034 397 1148 426 sono
1167 378 1313 426 molto
1332 378 1499 425 indotti
1519 388 1564 424 et
1581 394 1719 424 senza
1739 376 1842 424 fon-

201 458 421 503 damento
445 456 502 502 de
527 455 834 519 grammatica.
862 456 907 500 A
933 454 1040 501 tutti
1074 471 1182 517 pare
1209 470 1312 500 cosa
1343 451 1638 516 importabile
1662 450 1841 498 confes-

203 547 322 577 sarse
346 530 455 593 ogni
482 546 603 575 mese
627 546 713 575 con
743 529 770 575 li
795 530 894 576 altri
922 527 1263 584 scolari'nostri3
1288 527 1457 574 seruire
1481 526 1568 572 alla
1594 543 1752 583 messa,
1778 544 1840 572 vn

204 605 439 668 martyrio,
463 616 552 651 etc.
583 605 722 651 Onde
753 604 943 652 essendo
975 603 1004 650 il
1036 621 1083 649 re
1114 620 1258 666 pocco
1294 602 1510 648 inclinato
1544 601 1603 648 ad
1635 602 1842 664 agiutare

203 679 348 743 questi
379 679 533 742 (come
566 678 601 724 si
635 680 732 742 puo
768 678 1002 725 intendere
1039 677 1111 723 nel
1149 677 1290 723 modo
1327 676 1373 722 di
1410 675 1708 739 procedere),
1749 691 1841 720 non

204 769 358 817 veggo
381 769 515 800 causa
538 753 595 798 de
620 752 813 799 alchuna
843 768 1076 815 speranza:
1110 750 1154 796 io
1189 750 1326 796 credo
1360 750 1444 795 che
1480 759 1633 812 presto
1670 765 1724 794 ne
1761 749 1840 794 ha-

203 845 391 874 ueremo
416 827 549 874 finale
573 827 847 874 resolutione
868 826 899 875 ¹.

270 902 357 948 Ho
380 901 720 948 communicato
744 901 885 964 hoggi
910 900 980 947 col
1004 898 1237 963 capellano
1272 898 1345 945 del
1378 915 1577 944 vescouo
1608 898 1837 944 olmucen-

202 993 247 1022 se
267 976 298 1033 ²,
325 990 369 1022 et
395 994 468 1022 me
494 976 552 1022 ha
576 977 704 1023 detto
727 975 813 1022 che
837 975 877 1022 S.
899 976 941 1021 S.
966 975 1106 1022 Rma.
1127 972 1282 1019 vuolle
1307 984 1469 1019 trattar
1493 973 1562 1019 col
1589 985 1759 1018 rettore
1784 973 1842 1019 de

203 1063 366 1114 questo
384 1051 577 1115 collegio
596 1068 678 1114 per
701 1049 971 1097 informarse
990 1050 1047 1096 de
1072 1049 1133 1095 lui
1155 1048 1272 1095 della
1291 1060 1445 1094 nostra
1471 1048 1778 1111 Compagnia,
1797 1060 1843 1094 et

201 1127 302 1173 dice
331 1127 414 1173 che
440 1126 591 1173 tienne
622 1143 680 1172 en
706 1125 924 1172 Olmucio
951 1141 1045 1171 vno
1079 1123 1357 1170 monasterio
1390 1122 1447 1169 de
1480 1134 1612 1168 santo
1647 1123 1843 1168 France-

203 1217 300 1257 sco,
333 1201 453 1247 doue
487 1217 581 1246 non
613 1200 664 1246 ce
698 1216 895 1246 nessuno
929 1198 1080 1246 fratte.
1118 1198 1232 1244 Non
1266 1198 1301 1244 si
1337 1187 1592 1243 ha'offerta
1625 1197 1768 1261 hoggi
1802 1197 1843 1243 la

202 1275 438 1321 occasione
468 1275 524 1321 de
555 1274 732 1338 parlare
761 1291 848 1321 con
874 1274 914 1320 la
938 1275 979 1321 S.
1005 1273 1046 1320 S.
1076 1274 1217 1320 Rma.
1245 1273 1320 1319 De
1346 1272 1496 1336 quella
1528 1273 1617 1318 cita
1650 1283 1696 1318 et
1726 1272 1844 1318 della

204 1350 453 1413 prouincia,
469 1350 553 1396 che
570 1367 618 1396 se
633 1350 865 1397 domanda
886 1348 1119 1406 Morauia‚
1139 1365 1254 1394 sono
1275 1347 1434 1393 venuti
1453 1359 1499 1393 et
1518 1347 1673 1393 racolti
1694 1348 1840 1410 questi

201 1423 314 1471 dieci
341 1425 540 1487 giouani.

270 1497 394 1544 Altri
422 1498 582 1562 prelati
606 1510 652 1545 et
676 1499 857 1563 segnori
883 1498 1069 1545 secolari
1094 1498 1203 1544 assai
1229 1514 1344 1544 sono
1367 1497 1582 1544 radunati
1614 1497 1773 1543 adesso
1797 1497 1842 1542 in

200 1586 360 1636 questa
386 1574 489 1632 cita,
510 1590 592 1638 per
610 1585 792 1621 trouare
818 1574 846 1620 li
867 1574 1016 1620 mezzi
1042 1573 1101 1620 de
1125 1573 1331 1619 resistere
1355 1573 1481 1636 dopo
1506 1583 1666 1636 questa
1691 1571 1841 1617 inuer-

205 1659 309 1694 nata
334 1647 374 1694 al
393 1649 706 1695 crudelissimo
731 1649 915 1695 inimico
934 1649 1121 1705 turcico,
1142 1648 1171 1694 il
1191 1647 1339 1712 quale,
1359 1664 1490 1694 come
1510 1664 1556 1693 se
1574 1647 1687 1705 dice,
1709 1647 1843 1693 vuol-

205 1724 246 1768 le
270 1721 487 1770 sforsarse
511 1724 568 1770 de
592 1724 799 1770 aruinare
823 1735 980 1788 queste
1004 1723 1254 1787 prouincie.
1281 1722 1529 1769 Domanda
1560 1722 1588 1767 il
1614 1733 1745 1768 turco
1769 1721 1841 1768 dal

201 1813 249 1842 re
292 1809 450 1844 nostro
485 1814 587 1844 cose
623 1799 680 1844 de
711 1798 1014 1862 grandissima
1047 1798 1360 1861 importanza‚
1395 1796 1432 1843 le
1463 1796 1623 1860 qualli,
1655 1796 1778 1842 salua
1802 1796 1842 1841 la

193 1872 378 1937 justicia
402 1873 619 1932 humana,
637 1885 683 1919 et
706 1873 748 1918 la
767 1874 890 1936 pieta
907 1884 954 1920 et
977 1873 1004 1919 l'
1027 1872 1200 1918 honore
1219 1888 1317 1929 su0‚
1341 1888 1435 1918 non
1455 1871 1482 1916 li
1503 1872 1599 1934 puo
1618 1871 1841 1917 concede-

166 1965 170 1967 *
202 1964 266 2004 re,
289 1959 335 1994 et
360 1948 496 1994 vuole
521 1949 603 1994 che
627 1948 685 1995 da
709 1948 787 2012 qui
813 1965 837 1994 a
861 1958 1047 2012 quattro
1073 1947 1184 1992 mesi
1209 1946 1237 1993 ii
1264 1947 1338 1993 dia
1363 1946 1568 2009 risposta.
1596 1945 1635 1991 Il
1660 1945 1842 1992 tiranno

202 2021 262 2067 ha
285 2020 402 2068 fatto
429 2022 468 2068 la
493 2023 566 2068 via
590 2039 671 2086 per
694 2023 967 2069 descendere
991 2021 1109 2068 nella
1132 2022 1342 2078 Austria‚
1367 2020 1555 2085 quando
1580 2019 1724 2066 l'altra
1746 2019 1842 2065 vol-

202 2108 248 2142 ta
273 2097 414 2160 piglio
438 2108 626 2161 quattro
661 2095 865 2153 fot-tesse,
889 2097 975 2143 che
1009 2107 1243 2160 poteuano
1276 2093 1388 2141 darli
1425 2094 1773 2157 impedimento;
1798 2105 1843 2140 et

203 2171 486 2217 nondimeno
512 2171 540 2217 il
565 2171 740 2235 populo
764 2187 824 2217 va
847 2171 1132 2234 pegiorando
1162 2169 1272 2233 ogni
1303 2169 1369 2215 di.
1398 2169 1511 2215 Non
1544 2186 1591 2215 se
1615 2167 1661 2214 fa
1691 2169 1843 2214 niente

201 2262 284 2310 per
309 2247 432 2293 leuar
457 2247 484 2294 li
510 2248 679 2311 peccati
705 2258 750 2294 et
779 2247 821 2293 la
847 2247 912 2293 ira
942 2247 1000 2294 de
1025 2246 1180 2294 Iddio:
1206 2263 1300 2293 non
1331 2263 1378 2292 se
1409 2244 1455 2292 fa
1478 2246 1562 2292 che
1587 2246 1843 2293 consultare

201 2322 259 2369 de
282 2333 466 2369 trouare
491 2323 663 2370 denari.

268 2397 323 2443 Se
352 2397 471 2455 dice,
497 2408 543 2444 et
566 2397 703 2444 credo
733 2414 877 2444 essere
904 2413 1028 2453 vero,
1052 2396 1135 2442 che
1162 2407 1322 2460 questa
1351 2395 1514 2442 vltima
1546 2396 1666 2442 dieta
1695 2412 1841 2459 augu-

202 2482 330 2517 stana
363 2488 457 2518 non
494 2472 552 2517 ha
582 2471 807 2535 parton-ito
841 2488 984 2518 senon
1017 2470 1196 2528 liberta,
1221 2470 1368 2517 ardire
1404 2483 1449 2517 et
1484 2482 1753 2533 contempto
1784 2470 1842 2516 de

258 2651 270 2677 ¹
327 2654 521 2691 Audiatur
539 2654 578 2691 in
598 2654 672 2691 hac
692 2665 732 2691 re
752 2655 961 2701 POLANCO,
982 2658 1008 2691 t.
1028 2663 1071 2700 V,
1093 2664 1183 2701 pag.
1211 2664 1299 2701 234,
1326 2665 1362 2691 n.
1385 2654 1475 2700 678:
1509 2653 1732 2700 «Augustae
1754 2664 1841 2689 cum

205 2720 306 2752 esset
326 2716 428 2752 idem
447 2716 540 2763 Rex,
563 2717 696 2753 decern
718 2727 923 2764 germanos
948 2718 1110 2764 juvenes
1135 2721 1178 2752 ut
1198 2716 1367 2763 hospitio
1389 2727 1411 2752 a
1432 2716 1607 2763 Collegio
1627 2716 1840 2752 Viennensi

204 2778 509 2826 admitterentur,
533 2784 570 2815 et
590 2780 638 2815 ad
658 2790 699 2816 se
719 2780 835 2815 scribi
856 2790 954 2826 quae
977 2779 1198 2815 necessaria
1217 2780 1266 2815 ad
1288 2789 1419 2815 eorum
1441 2779 1765 2815 sustentationem
1787 2789 1843 2814 es-

204 2844 304 2887 sent,
323 2841 459 2887 voluit;
481 2846 519 2878 et
537 2842 634 2878 haee
654 2853 772 2879 causa
794 2842 864 2878 fuit
884 2842 1049 2888 Collegii
1070 2842 1294 2878 instituendi
1309 2843 1576 2879 convictorum
1595 2842 1788 2887 Viennae;
1806 2847 1842 2877 et

205 2903 358 2949 regulas
389 2904 439 2940 ad
470 2915 512 2940 se
541 2905 642 2941 mitti
674 2905 829 2951 collegii
862 2904 1083 2941 Germanici
1112 2905 1153 2942 P.
1185 2905 1370 2951 Lanoyus
1397 2906 1640 2951 postulabat;
1666 2905 1843 2951 quamvis

203 2970 340 3012 postea
358 2976 427 3002 sex
447 2977 578 3003 eorum
598 2978 686 3003 eum
706 2966 821 3014 Regis
843 2967 1087 3014 beneplacito
1106 2967 1258 3004 dimissi
1281 2967 1498 3005 fuerunt...»

258 3025 275 3051 2
333 3028 512 3065 «Marcus
532 3030 644 3066 Kuen
662 3027 835 3079 (GAMS),
856 3030 918 3066 vel
939 3030 1076 3066 Khuen
1099 3029 1326 3077 (SCHMIDL‚
1357 3026 1559 3067 Historia
1588 3027 1635 3067 S.
1662 3026 1707 3073 J.
1737 3027 1841 3066 Pro-

203 3087 369 3128 vinciae
399 3087 641 3139 Bolzemiae,
673 3092 738 3130 lib.
774 3100 816 3138 11,
847 3103 884 3129 n.
918 3091 1027 3142 56)».
1061 3092 1269 3139 ΡοιΑΝοο,
1296 3096 1324 3129 t.
1354 3100 1396 3138 v,
1430 3102 1519 3138 pag.
1557 3092 1646 3138 236,
1681 3103 1717 3128 n.
1750 3092 1840 3135 681,

202 3158 333 3190 annot.
359 3165 392 3190 1.
