2066 3516
782 263 804 302 3
833 250 1026 303 JANUARn
1059 250 1161 302 1556
1668 263 1739 300 153

905 432 1050 468 1⁰81)

675 520 894 557 PONTIUS
924 519 1273 558 COGORDANUS

449 612 662 662 PATRI
708 615 971 676 JOANNI
1023 615 1118 661 DE
1164 614 1494 661 POLANCO

643 721 853 748 AVENIONE
883 723 905 761 3
936 719 1120 757 JANUARII
1153 708 1254 758 1556
1275 707 1302 746 ¹.

155 818 270 854 Dolet
290 818 405 864 quod,
427 818 562 854 morbo
582 818 802 864 impeditus,
822 816 1039 863 nequiverit
1054 819 1168 851 antea
1189 826 1258 861 pro
1277 815 1457 852 libertate
1478 816 1600 852 Patris
1624 816 1795 854 Guttano

207 890 332 927 agere:
355 881 444 916 huic
464 881 622 927 negotio
642 880 865 926 diligentem
887 889 1045 925 operam
1066 889 1107 914 se
1127 878 1318 924 daturum,
1340 879 1796 924 pollicetur.—Romanis

205 944 343 980 litteris
363 943 743 992 respondet-Quid
759 944 842 989 ipse
858 943 1000 979 sentiat
1016 943 1062 978 de
1079 942 1248 978 motibus
1264 944 1640 990 caesaraugustanis,
1657 945 1794 990 aperit.

204 1005 468 1042 —Societatis
489 1017 645 1042 causam
668 1006 707 1042 in
726 1010 864 1042 senatu
885 1005 1045 1051 aquensi
1066 1005 1541 1050 promovebit—Amicos
1562 1006 1711 1045 laudat.

957 1109 980 1144 †

918 1145 1018 1206 Jhs.

214 1247 341 1295 Rdo.
369 1247 414 1293 in
439 1247 628 1294 Christo
654 1247 818 1294 Padre.
852 1247 944 1294 Pax
969 1246 1048 1294 X.i
1076 1246 1310 1294 Scriuemo
1336 1247 1376 1293 la
1396 1259 1550 1293 nostra
1574 1246 1792 1293 determi-

151 1322 349 1380 natione,
375 1338 457 1385 per
482 1320 696 1368 ritornar’
722 1339 747 1367 a
773 1321 942 1379 Roma,
969 1339 994 1367 a
1019 1323 1060 1369 S.
1091 1323 1165 1379 P.;
1191 1338 1267 1367 ma
1285 1322 1454 1385 perche
1481 1338 1575 1367 non
1597 1322 1796 1368 hauemo

148 1396 341 1459 risposte
370 1413 396 1441 a
423 1396 514 1443 due
546 1413 574 1442 o
600 1407 668 1442 tre
698 1412 823 1454 cose,
849 1395 887 1442 c’
920 1397 944 1442 ἐ
976 1414 1112 1460 parso
1148 1396 1346 1443 scriuere
1378 1414 1404 1442 a
1436 1396 1495 1442 V.
1526 1396 1588 1443 R.
1621 1407 1791 1460 questa.

147 1471 259 1517 Non
285 1471 484 1517 hauemo
510 1482 676 1535 potuto
701 1471 924 1518 attender'
950 1472 1122 1529 niente,
1149 1487 1231 1535 per
1257 1470 1284 1516 l'
1309 1469 1564 1527 infermita‚
1593 1487 1729 1533 sopra
1754 1470 1796 1515 la

149 1544 415 1591 redentione
439 1545 512 1592 del
538 1556 698 1591 nostro
722 1543 918 1603 fratello,
951 1546 1024 1592 M.
1053 1545 1238 1592 Giouan
1265 1544 1502 1601 Guttano,
1528 1556 1574 1590 et
1597 1545 1796 1591 hauemo

150 1619 270 1666 uisto
294 1619 335 1666 le
359 1620 488 1683 copie
512 1619 628 1667 delle
652 1620 743 1667 due
771 1620 930 1667 lettere
953 1621 1037 1667 che
1062 1620 1127 1666 lui
1152 1620 1211 1667 ha
1243 1621 1400 1666 scritto
1435 1637 1460 1665 a
1490 1619 1564 1666 M.
1598 1619 1743 1665 Paolo
1762 1618 1795 1677 2,

149 1705 320 1739 rettore
344 1693 417 1740 del
440 1693 632 1757 collegio
657 1694 703 1740 di
732 1694 966 1753 Palermo,
991 1706 1036 1740 et
1062 1694 1208 1740 inteso
1232 1705 1408 1757 quanto
1437 1693 1498 1739 lui
1526 1693 1571 1739 in
1596 1704 1796 1757 utroque

148 1768 338 1815 homine
369 1769 584 1832 patiatur.
619 1769 758 1816 Iddio
789 1786 872 1832 per
904 1786 986 1815 sua
1019 1768 1331 1815 misericordia
1361 1779 1406 1814 et
1442 1767 1620 1813 infinita
1652 1766 1796 1813 bonta

148 1842 212 1907 gli
236 1843 347 1890 doni
374 1844 530 1889 buona
553 1855 598 1890 et
621 1842 820 1907 perfetta
845 1843 1077 1906 patientia,
1103 1854 1148 1889 et
1172 1840 1256 1889 che
1281 1841 1422 1888 faccia
1442 1842 1488 1888 in
1507 1853 1633 1888 tanta
1653 1842 1795 1887 tiran-

148 1917 256 1963 nide
282 1929 513 1980 prouento
538 1918 727 1981 grande,
753 1918 824 1964 ch'
854 1918 878 1964 ἐ
903 1935 1018 1982 gran
1043 1917 1200 1981 parola
1225 1917 1327 1974 dir’,
1355 1917 1540 1963 Giouan
1566 1915 1795 1972 GuttanO,

148 1990 266 2037 della
301 1991 594 2055 Compagnia
626 1991 673 2038 di
704 1991 847 2052 Jessi,
881 2004 926 2037 et
957 1991 1144 2038 schiauo
1176 1991 1223 2037 di
1255 2002 1408 2037 turco:
1443 1989 1601 2053 parola
1635 1990 1718 2035 che
1750 1989 1794 2036 fa

149 2066 331 2111 tremar’
367 2065 407 2112 le
438 2066 562 2111 carni
594 2083 618 2111 e
647 2066 719 2111 chi
753 2065 796 2111 la
823 2076 965 2112 sente.
997 2064 1040 2111 S'
1073 2065 1117 2111 io
1151 2081 1243 2110 non
1276 2063 1397 2110 fusse
1431 2075 1550 2110 stato
1580 2063 1796 2121 amalato,

149 2139 271 2185 harei
317 2138 434 2185 fatto
473 2140 590 2186 circa
631 2152 796 2204 questo
839 2140 867 2186 il
910 2140 1005 2186 mio
1040 2140 1212 2188 debito.
1258 2139 1346 2186 Ho
1384 2139 1559 2202 parlato
1599 2156 1686 2185 con
1728 2139 1789 2202 gli

150 2214 450 2260 osseruantini
475 2215 521 2261 di
549 2215 824 2278 Marseglia,
850 2225 896 2261 et
920 2215 982 2260 mi
1009 2215 1164 2260 hanno
1187 2214 1316 2261 detto
1341 2214 1424 2260 che
1449 2214 1604 2260 hanno
1629 2214 1790 2276 grandi

152 2288 282 2334 amici
309 2289 574 2335 mercatanti
601 2289 644 2335 in
675 2289 950 2352 Marseglia,
976 2289 1097 2353 quali
1123 2288 1342 2335 traficano
1373 2286 1476 2333 nelli
1503 2287 1646 2334 Gerbi
1671 2304 1695 2333 e
1721 2287 1791 2333 nel

152 2361 349 2420 leuante,
375 2374 420 2408 et
443 2363 597 2409 hanno
622 2364 794 2426 grande
819 2363 1116 2426 intelligentia
1133 2379 1220 2409 con
1245 2361 1398 2426 quelli,
1418 2378 1500 2424 per
1518 2361 1652 2407 esser’
1672 2377 1793 2407 mer-

151 2437 318 2483 catanti
345 2437 521 2500 grandi.
551 2438 614 2484 Et
638 2438 804 2501 perche
830 2437 860 2483 l'
884 2436 1187 2484 osseruantini
1211 2436 1626 2483 desiderarebbono
1650 2435 1723 2481 ch’
1748 2435 1793 2481 io

151 2527 234 2574 per
267 2510 388 2570 loro,
426 2513 619 2558 essendo
654 2513 855 2559 arriuato
889 2513 934 2558 in
973 2512 1149 2569 Roma,
1184 2522 1392 2558 trattasse
1423 2510 1583 2557 alcuna
1612 2527 1717 2557 cosa
1745 2510 1792 2555 in

151 2584 300 2632 fauor'
330 2587 402 2633 del
437 2588 715 2634 monasterio
746 2588 791 2634 di
829 2587 1101 2650 Marseglia‚
1133 2598 1181 2633 et
1209 2597 1336 2633 certo
1366 2585 1439 2632 ch'
1483 2585 1507 2631 ὲ
1550 2601 1681 2631 causa
1718 2584 1792 2648 pia

206 2743 220 2768 ¹
277 2745 334 2782 Ex
354 2747 534 2793 originali
555 2747 593 2783 in
612 2748 688 2784 vol.
709 2747 751 2793 F,
773 2747 918 2792 duplici
940 2746 1047 2793 folio,
1069 2757 1106 2783 n.
1130 2756 1217 2794 231,
1240 2746 1347 2792 prius
1370 2746 1458 2790 262,
1484 2745 1573 2791 263.

204 2805 221 2831 ²
274 2808 416 2844 Paulus
437 2810 484 2845 de
503 2809 800 2845 Achillis—De
822 2809 1037 2845 adserendo
1059 2808 1098 2844 in
1124 2808 1343 2844 libertatern
1363 2808 1403 2844 P.
1430 2807 1581 2843 Joanne
1604 2806 1791 2854 Guttano,

151 2881 175 2906 a
194 2870 313 2906 turcis
334 2875 462 2916 capto,
483 2871 662 2916 sollicite,
683 2876 725 2906 ut
744 2881 815 2916 par
833 2874 927 2915 erat,
949 2870 1104 2906 sodales
1124 2869 1258 2915 nostri,
1286 2869 1408 2905 multo
1430 2870 1477 2904 ab
1505 2869 1596 2904 hinc
1620 2872 1794 2913 tempore

152 2931 295 2968 frustra
315 2937 483 2978 egerant,
505 2934 833 2979 quemadmodum
855 2933 894 2969 in
915 2944 998 2979 sup.
1019 2934 1097 2969 vol.
1119 2943 1236 2978 saepe
1250 2932 1483 2968 monuimus.
1498 2932 1642 2967 Verum
1657 2931 1792 2976 dispo—

152 2994 269 3030 nebat
287 2993 404 3040 Deus,
425 2996 534 3041 cujus
550 2987 699 3042 judicia
719 2995 942 3032 hominibus
964 2995 1152 3041 impervia
1171 2998 1271 3040 sunt,
1294 2999 1336 3030 ut
1356 2994 1563 3038 sociorum,
1589 3003 1634 3029 ac
1654 2993 1692 3028 in
1708 2992 1795 3038 pri—

153 3056 228 3093 mis
246 3056 399 3104 Ignatii,
420 3061 584 3095 conatus
604 3058 700 3095 irriti
721 3059 878 3095 omnino
900 3062 1040 3104 essent;
1067 3062 1186 3104 utque
1206 3057 1376 3103 optimus
1396 3057 1520 3102 Pater,
1542 3056 1607 3102 qui
1628 3055 1748 3090 multa
1772 3065 1794 3088 a

156 3118 274 3155 turcis
293 3119 526 3168 patiebatur,
546 3121 738 3157 aerumnis
759 3120 959 3157 confectus
978 3121 1018 3157 in
1039 3120 1178 3157 mediis
1195 3119 1362 3156 vinculis
1383 3122 1606 3156 moreretur.
1626 3127 1628 3129 ·
