2008 3510
801 301 818 328 1
851 288 1041 342 JANUARn
1075 301 1176 341 1557
1670 288 1748 339 619

172 394 340 458 riisque
362 393 571 457 inopum,
597 393 674 440 ubi
698 405 744 441 et
766 393 1071 442 confessiones
1101 394 1310 451 audiunt,
1334 405 1379 441 et
1402 394 1658 441 doctrinam
1683 394 1803 440 chri-

172 468 363 515 stianam
388 469 568 525 docent;
593 479 729 532 atque
754 469 867 516 adeo
890 469 936 515 in
959 468 1178 516 adeundis
1202 469 1273 527 iis,
1298 469 1377 533 qui
1408 479 1616 515 extremo
1640 468 1687 514 in
1711 468 1803 532 spi-

174 542 264 588 ritu
297 542 496 589 animam
530 542 739 601 trahunt,
770 553 823 589 ut
853 543 1001 590 adsint
1030 542 1362 601 laborantibus,
1394 554 1440 589 et
1472 543 1553 589 hac
1582 542 1677 589 vita
1715 542 1803 588 sol-

175 616 387 663 ventibus
418 616 532 664 bene
561 628 817 680 precentur,
849 634 940 682 qua
972 634 1021 664 re
1054 617 1296 681 praecipue
1327 617 1561 664 ducuntur
1595 617 1804 663 homines

176 690 311 754 hujus
340 691 445 738 loci:
478 691 615 755 idque
655 708 761 738 cum
797 691 983 738 videant
1018 708 1112 754 quo
1143 691 1280 737 animi
1311 691 1474 737 ardore
1503 702 1549 736 et
1578 690 1804 737 alacritate

174 765 284 812 haec
309 765 382 828 pia
407 767 562 812 munia
586 767 728 813 nostri
751 783 930 830 semper
953 765 1141 823 obeant,
1172 782 1463 829 quacumque
1499 765 1612 811 hora
1639 781 1804 811 vocen-

177 851 253 884 tur
270 850 471 886 accincti.

240 912 375 959 Pater
417 913 620 976 Baptista
639 912 671 971 ¹,
705 913 783 976 qui
821 912 987 977 agebat
1027 913 1243 976 Hispali,
1274 912 1399 958 venit
1435 912 1492 959 ad
1523 929 1627 971 nos,
1656 912 1804 958 Patris

177 987 318 1033 nostri
345 987 568 1033 Francisci
588 985 772 1050 2jussu‚
798 997 849 1033 ut
879 998 1031 1033 totum
1064 986 1256 1033 Domini
1288 986 1530 1032 servatoris
1554 986 1805 1032 adventum

177 1062 234 1107 ad
265 1063 378 1107 hanc
408 1061 638 1107 civitatem
680 1061 1040 1108 concionaretur.
1078 1061 1246 1108 Fuerat
1278 1060 1399 1107 enim
1443 1059 1807 1123 placentinorum

179 1135 299 1180 uotis
324 1151 602 1198 magnopere
626 1147 827 1197 optatus,
851 1151 908 1180 ex
931 1151 1041 1198 quo,
1061 1134 1144 1180 hac
1164 1134 1455 1197 praeteriens,
1480 1132 1627 1180 obiter
1649 1133 1811 1178 habuit

178 1209 471 1266 concionem3
496 1220 542 1255 et
571 1226 596 1255 a
628 1209 679 1255 P.
719 1209 757 1255 F
760 1208 958 1255 rancisco
985 1209 1261 1271 petiverant,
1286 1219 1338 1254 ut
1363 1207 1484 1253 hunc
1509 1208 1661 1253 virum
1687 1207 1810 1270 apud

179 1300 255 1329 eos
271 1275 458 1348 juberet
481 1284 774 1339 commorari,
800 1283 928 1346 quod
952 1282 1090 1328 etiam
1117 1281 1211 1328 aliis
1236 1282 1394 1328 litteris
1409 1282 1508 1346 jam
1533 1281 1808 1345 significavi-

181 1374 296 1403 mus.
323 1357 476 1402 Placet
499 1373 604 1402 sane
627 1357 843 1403 omnibus
867 1368 1003 1420 atque
1027 1356 1277 1403 honorifice
1306 1356 1538 1419 accipitur,
1564 1355 1808 1419 magnique

181 1429 344 1476 laboris
368 1431 466 1495 ejus
491 1428 666 1476 fructus
690 1430 982 1494 colliguntur.
1011 1430 1049 1476 F
1053 1431 1129 1481 uit,
1151 1442 1303 1476 autem
1337 1429 1453 1476 illius
1484 1430 1709 1476 adventus
1734 1446 1810 1475 ne-

179 1505 409 1552 cessarius.
443 1504 567 1550 Nam
603 1505 767 1551 doctor
806 1517 957 1551 noster
990 1504 1159 1550 Salinas
1186 1503 1216 1563 ³,
1250 1505 1380 1569 cujus
1414 1504 1523 1549 haec
1554 1520 1661 1550 cura
1694 1515 1811 1560 erat,

180 1589 402 1642 quartana
432 1579 726 1624 vehementer
756 1578 1037 1642 gravabatur
1066 1595 1121 1624 eo
1153 1590 1373 1641 tempore.
1408 1578 1549 1624 Nunc
1582 1594 1691 1623 vero
1714 1578 1810 1641 jam

182 1669 327 1715 prope
351 1651 485 1709 valet,
511 1652 684 1699 Christi
708 1651 929 1699 beneficio
953 1652 1186 1715 singulari.

251 1728 386 1774 Pater
405 1739 557 1774 noster
583 1729 620 1774 F
623 1728 848 1774 ranciscus
866 1727 1113 1773 nativitatis
1133 1726 1301 1773 festum
1323 1726 1394 1772 hic
1412 1725 1648 1772 nobiscum
1667 1736 1811 1771 trans-

183 1802 290 1865 egit.
332 1802 457 1847 Nam
493 1818 599 1847 cum
640 1802 835 1848 venisset
874 1801 932 1847 ad
970 1800 1198 1864 oppidum
1240 1799 1583 1857 Xarandillam,
1620 1798 1811 1861 imperio

183 1891 411 1921 caesareae
437 1875 680 1940 majestatis
704 1875 896 1931 accitus,
929 1891 1022 1920 non
1057 1874 1208 1937 potuit
1233 1890 1464 1931 recusare,
1489 1873 1599 1936 quin
1625 1873 1681 1924 ad
1705 1872 1813 1918 vici-

186 1965 268 1994 nos
292 1948 407 1994 filios
432 1948 478 1994 in
511 1948 720 1994 Domino
750 1948 1119 2012 progrederetur.
1156 1948 1340 2011 Magno
1371 1945 1459 1993 fuit
1489 1946 1649 1992 solatio
1681 1963 1813 2008 prae-

184 2021 266 2067 suli
294 2033 339 2068 et
362 2021 585 2067 universis
608 2021 804 2079 civibus,
837 2038 1002 2084 parum
1035 2021 1135 2067 licet
1170 2032 1388 2069 moratus,
1424 2020 1609 2066 Habuit
1633 2019 1813 2066 concio-

185 2112 289 2141 nem
330 2096 388 2142 de
419 2095 654 2141 nativitate
683 2095 925 2142 dominica.
966 2094 1127 2141 Charis
1161 2095 1402 2158 praecipue
1433 2094 1580 2140 filiolis
1611 2094 1812 2139 adventu

185 2186 268 2215 suo
292 2181 475 2232 gratum
502 2168 628 2226 fecit,
653 2170 730 2233 qui
762 2169 879 2215 illius
909 2180 1155 2232 conspectu
1180 2169 1338 2215 utilem
1370 2169 1595 2231 pudorem
1620 2168 1812 2224 ducunt,

184 2243 390 2289 oratione
415 2243 688 2300 afficiuntur,
715 2241 844 2289 factis
862 2243 1198 2305 exemplaribus
1212 2244 1482 2289 animantur.
1506 2241 1811 2304 Complutum

187 2317 290 2362 hinc
316 2333 522 2363 reversus
546 2327 629 2374 est,
655 2333 747 2363 non
771 2316 865 2362 sine
891 2328 1047 2362 nostro
1077 2315 1251 2364 dolore.
1284 2316 1517 2361 Dominus
1548 2330 1653 2360 eum
1681 2313 1813 2359 nobis

186 2402 335 2436 servet
359 2407 443 2452 pro
467 2407 636 2454 magno
662 2401 818 2436 nostro
844 2407 930 2435 usu
954 2400 1000 2436 et
1024 2389 1230 2437 utilitate.

253 2465 326 2510 De
351 2465 445 2510 aliis
470 2481 560 2510 non
586 2477 679 2510 tam
704 2464 985 2527 insignibus,
1009 2480 1124 2527 quae
1149 2464 1306 2510 divina
1329 2462 1506 2509 bonitas
1531 2478 1611 2524 per
1635 2470 1813 2506 nostros

189 2537 351 2594 effecit,
371 2538 499 2600 cujus
519 2539 695 2601 generis
714 2537 972 2583 ablatorum
992 2537 1233 2594 restitutio,
1253 2536 1525 2599 compositio
1541 2534 1813 2590 animorum,

191 2628 281 2657 non
322 2622 436 2674 puto
468 2612 723 2658 meminisse
753 2622 978 2674 oportere.
1014 2611 1128 2658 Satis
1159 2623 1323 2657 notum
1360 2621 1428 2656 est
1459 2609 1662 2655 fructum
1693 2609 1814 2654 hunc

189 2701 282 2730 esse
322 2695 583 2730 nostrorum
616 2684 823 2731 laborum
857 2701 1000 2747 prope
1027 2685 1362 2748 quotidianum.
1397 2683 1516 2729 Illud
1548 2694 1700 2728 tamen
1731 2681 1812 2728 ali-

189 2769 361 2822 quanto
398 2758 582 2821 gravius
615 2775 706 2805 non
738 2757 1008 2821 praeteribo,
1040 2758 1206 2822 Nuper
1236 2757 1519 2821 placentinus
1550 2755 1738 2819 quidam
1768 2771 1815 2800 se

189 2833 356 2878 stultus
383 2833 576 2878 nimium
602 2833 884 2895 perdiderat,
910 2849 1027 2878 vana
1050 2833 1276 2896 quaedam
1301 2848 1406 2878 cum
1431 2830 1618 2876 sathana
1641 2838 1817 2892 pactus,

246 3012 258 3037 ¹
314 3015 483 3051 Joannes
502 3015 585 3050 Bta.
607 3014 792 3051 SancheZ.

243 3074 260 3099 2
314 3077 509 3113 Francisci
530 3075 704 3122 Borgiae.

246 3135 262 3161 ³
318 3139 473 3176 Marcus
493 3138 658 3175 Salinas.
