2008 3510
308 271 384 311 714
771 258 1008 296 EmsroLAE
1035 256 1370 308 Murrina—1294

253 366 481 412 academia
506 362 864 429 ingolstattensis'
882 363 1058 411 debeat.
1087 363 1156 410 Illi
1182 363 1383 428 quidem,
1403 374 1645 428 propterea
1660 363 1786 427 quod
1806 363 1886 411 hac

253 450 546 503 tempestate,
582 439 770 504 quando
810 439 1002 485 charitas
1036 438 1244 502 refriguit
1274 449 1320 485 et
1355 438 1583 503 plaerique
1617 438 1760 502 magis
1793 455 1886 499 sua,

253 505 391 579 quam
417 531 467 561 ea
492 531 608 578 quae
634 514 805 562 Christi
835 524 956 571 sunt,
982 524 1222 578 quaerunt,
1257 530 1337 560 vos
1366 514 1584 561 diuinitus
1614 513 1740 577 quasi
1770 512 1887 559 exci-

252 590 333 636 tati
360 589 573 653 exemplo
598 588 908 653 praefulgetis,
928 600 972 636 et
995 601 1143 636 vestra
1166 589 1457 646 continentia,
1477 589 1733 652 integritate
1752 600 1888 652 atque

253 664 481 723 doctrina,
514 681 630 728 quae
661 664 706 710 in
739 663 968 710 ecclesiam
1000 663 1172 711 Christi
1204 664 1483 727 irrepserunt
1513 664 1636 720 vitia,
1672 680 1762 709 non
1793 674 1887 710 tam
1933 690 1939 696 ·

254 739 492 798 accusatis,
530 755 666 803 quam
716 739 962 785 emendare
1005 738 1164 785 sedulo
1204 738 1429 802 satagitis,
1470 755 1552 784 vos
1591 749 1713 784 totos
1750 738 1888 801 gratis

254 813 584 876 impendentes,
602 824 652 858 ut
670 812 1036 877 quamplurimos
1060 812 1247 859 Christo
1274 810 1575 869 lucrifaciatis;
1602 812 1710 858 haec
1735 823 1892 858 autem·

253 904 353 934 eam
378 887 438 933 ob
463 904 659 944 causam,
679 888 805 951 quod
827 903 947 933 anno
967 886 1128 933 abhinc
1149 886 1362 950 proximo
1382 897 1486 944 tres,
1508 887 1764 950 integritate
1788 903 1888 950 spe-

253 973 396 1008 ctatos
426 973 472 1008 et
502 962 708 1008 doctrina
732 961 1000 1008 excellentes
1028 961 1171 1019 virOS,
1198 961 1445 1008 Claudium
1470 961 1650 1022 Jaium,
1676 961 1888 1024 Alphon-

253 1053 355 1083 sum
376 1037 702 1094 Salmeronem,
728 1048 773 1083 et
798 1037 987 1084 Petrum
1009 1037 1260 1095 Canisium,
1281 1054 1428 1083 sacrae
1453 1036 1708 1100 theologiae
1731 1037 1890 1083 docto-

254 1129 339 1170 reS,
365 1128 422 1158 ex
446 1112 665 1158 Societate
689 1122 857 1170 vestra,
883 1112 1096 1175 pontifice
1129 1129 1312 1159 summo
1345 1124 1593 1170 annuente,
1617 1112 1776 1158 sortita
1807 1122 1888 1159 est.

253 1188 325 1233 Ac
348 1203 454 1233 cum
489 1187 595 1233 haec
626 1199 833 1251 Vtraque,
862 1198 910 1234 ut
934 1187 1086 1244 debui,
1112 1204 1291 1250 semper
1317 1186 1501 1234 fecerim
1525 1187 1725 1250 plurimi,
1753 1187 1890 1233 inter-

255 1262 436 1308 mittere
466 1278 558 1307 non
589 1262 741 1325 potui,
767 1262 877 1326 quin
910 1262 955 1308 id
988 1262 1172 1308 tandem
1202 1261 1340 1308 literis
1371 1262 1508 1308 etiam
1538 1261 1812 1309 declararem
1846 1271 1892 1307 et

254 1335 530 1400 singularem
556 1352 705 1382 meam
730 1352 836 1400 erga
863 1353 944 1382 vos
969 1336 1332 1382 beneuolentiam
1359 1352 1655 1400 amoremque
1681 1334 1890 1382 testifica-

254 1426 346 1467 rer,
380 1421 433 1456 vt
458 1420 526 1466 tu,
559 1420 604 1456 et
633 1410 807 1457 ordinis
844 1411 908 1456 tui
943 1426 1238 1473 progressum
1265 1421 1309 1455 et
1334 1410 1659 1473 gratitudinem
1687 1420 1887 1455 nostram

255 1484 547 1548 perspiciens,
573 1484 770 1547 aliquem
796 1484 840 1530 in
867 1483 943 1530 illo
969 1483 1174 1530 fructum
1199 1484 1491 1531 iucunditatis
1516 1483 1718 1542 haberes,
1745 1499 1890 1547 neque

254 1559 490 1605 desisteres
505 1558 758 1606 academiae
774 1559 859 1616 isti,
876 1570 1101 1623 quantum
1117 1575 1288 1622 posses,
1305 1575 1443 1622 porro
1458 1559 1595 1605 etiam
1610 1559 1846 1604 consulere
1861 1556 1887 1604 ¹.

322 1632 420 1679 Etsi
445 1643 598 1679 autern
624 1632 1013 1696 perincommode,
1040 1649 1204 1696 meque
1227 1633 1373 1679 inuito
1397 1643 1442 1678 et
1473 1632 1630 1679 sedulo
1655 1632 1888 1689 renitente,

255 1706 428 1754 factum
454 1719 536 1765 est,
562 1718 613 1753 ut
637 1707 809 1770 priores
833 1708 927 1753 duo
954 1706 1236 1769 Ingolstadio
1261 1707 1425 1753 iterum
1453 1707 1747 1765 discederent,
1768 1724 1791 1752 e
1811 1723 1890 1770 spe

254 1782 431 1846 collegii
475 1781 718 1844 theologici
761 1781 874 1828 bene
921 1781 1185 1828 instituendi
1234 1781 1432 1839 auocati,
1474 1781 1738 1844 praesertim
1782 1797 1890 1828 vero

255 1855 495 1914 Claudius,
531 1872 613 1919 per
645 1872 783 1919 quern
816 1856 886 1902 vel
919 1855 1069 1902 solum
1101 1856 1186 1903 hoc
1215 1856 1311 1902 fieri
1343 1866 1543 1920 poterat3
1576 1866 1744 1914 tamen,
1784 1855 1891 1920 quia

257 1930 417 1977 tertius
440 1929 637 1987 relictus,
668 1941 713 1976 et
745 1930 790 1976 in
821 1930 1023 1977 duorum
1055 1931 1206 1977 locum
1241 1930 1352 1977 alius
1382 1930 1639 1994 theologUS,
1669 1930 1890 1977 Nicolaus

257 2005 523 2062 Gaudanus,
549 2004 756 2051 doctrina
780 2016 824 2051 et
849 2005 1107 2069 integritate
1136 2022 1229 2051 non
1255 2003 1455 2062 inferior,
1493 2021 1583 2051 vna
1612 2020 1718 2050 cum
1751 2004 1890 2051 docto

258 2079 475 2144 quodam,
504 2079 655 2127 MtrO.
686 2079 939 2137 Pannonio,
964 2097 1080 2144 quos
1103 2097 1191 2144 ego
1217 2078 1376 2126 ambos
1401 2079 1653 2142 plurimum
1679 2078 1820 2142 diligo
1845 2093 1890 2124 et

257 2154 728 2202 commendatissimos
753 2154 945 2213 habebo,
970 2171 1028 2202 ex
1055 2156 1274 2202 Societate
1299 2165 1448 2201 vestra
1483 2153 1631 2201 isthuc
1655 2152 1890 2217 ablegatus

258 2240 345 2287 est;
370 2246 423 2276 eo
448 2228 550 2292 plus
578 2228 658 2275 tibi
683 2228 920 2287 debemuS,
946 2246 1039 2294 quo
1065 2229 1224 2275 maiori
1258 2228 1586 2275 commoditate
1611 2226 1889 2274 instaurandi

259 2303 515 2367 theologiae
539 2303 688 2350 studia
705 2304 975 2350 vniuersitas
1000 2303 1072 2350 illa
1090 2321 1146 2350 ex
1169 2304 1374 2367 priorum
1394 2303 1587 2350 discessu
1606 2302 1783 2366 priuata
1796 2318 1891 2348 esse

258 2377 516 2425 videbatur.
554 2378 720 2442 Neque
761 2377 849 2423 iam
889 2377 1154 2424 dubitamus
1191 2377 1302 2441 quin
1338 2377 1503 2422 horum
1540 2387 1585 2422 et
1624 2374 1891 2438 cumprimis

261 2451 442 2498 Claudii
473 2451 531 2514 (si
557 2451 697 2498 modo
721 2451 765 2497 in
791 2451 871 2497 hac
896 2450 1130 2514 prouincia
1156 2448 1626 2513 morabiturndiutius)
1659 2465 1798 2512 opera
1822 2448 1889 2495 di·

315 2632 328 2658 ¹
386 2635 510 2671 Tanta
531 2645 617 2671 cum
642 2634 756 2671 laude
783 2645 852 2670 suo
880 2635 1043 2681 quisque
1070 2645 1225 2671 munere
1252 2634 1405 2670 functus
1433 2637 1508 2679 est,
1529 2637 1570 2669 ut
1592 2633 1791 2669 academia
1816 2635 1890 2670 hoc

262 2697 481 2744 perhiberet
506 2697 785 2742 testimonium,
808 2698 910 2743 quod
937 2698 1040 2744 typis
1068 2698 1212 2734 editum
1241 2708 1285 2733 ac
1309 2697 1434 2734 valvis
1461 2697 1617 2733 affixum
1639 2702 1712 2734 est:
1736 2697 1891 2743 «Nuper
1951 2699 1964 2705 '

263 2765 445 2807 quantam
467 2761 653 2796 laetitiam
674 2760 888 2806 ceperimus
910 2771 1042 2797 omnes
1063 2772 1109 2797 ex
1132 2762 1298 2797 adventu
1319 2761 1432 2796 trium
1454 2761 1757 2806 Theologorum‚
1779 2760 1889 2797 Clau-

264 2824 316 2860 dii
346 2824 439 2871 Jaij,
467 2824 658 2869 Alphonsi
686 2823 942 2868 Salmeronis‚
973 2829 1010 2860 et
1040 2825 1140 2860 Petri
1170 2824 1330 2870 Canisii,
1360 2824 1424 2860 vix
1450 2824 1525 2859 dici
1551 2827 1688 2870 potest.
1721 2823 1890 2871 Quorum

263 2887 484 2933 praesentia
504 2897 580 2922 non
602 2887 726 2922 solum
755 2886 895 2922 famam
917 2888 963 2923 dc
990 2887 1083 2933 ipsis
1111 2887 1316 2923 excitatam
1343 2897 1419 2922 non
1447 2886 1600 2932 minuit,
1622 2896 1752 2922 verum
1774 2886 1889 2921 etiam

266 2954 392 2995 auget.
415 2949 584 2996 Quorum
607 2949 813 2996 singularis
834 2951 871 2985 in
892 2950 1160 2987 Sacrosanctis
1187 2949 1325 2986 studiis
1351 2949 1529 2994 scientia,
1551 2952 1630 2984 tum
1651 2949 1691 2984 in
1711 2948 1889 2985 omnibus

266 3011 482 3057 disciplinis
504 3012 739 3057 exercitatio,
757 3016 951 3058 postremo
967 3012 1221 3049 sanctimonia
1239 3012 1340 3048 vitae
1361 3011 1689 3057 exspectationem
1705 3011 1887 3057 omnium,

267 3085 427 3121 eamque
454 3076 673 3122 maximam,
695 3086 772 3111 non
799 3077 923 3111 solum
945 3079 1102 3122 aequat,
1132 3085 1263 3111 verum
1285 3074 1399 3111 etiam
1420 3078 1610 3120 superat.»
1635 3073 1747 3120 Apud
1769 3073 1889 3111 AGRI-

267 3145 387 3186 COLA‚
408 3135 520 3179 Hist.
540 3138 666 3177 Prov.
693 3135 892 3178 German.
912 3135 1062 3189 Super.
1083 3139 1239 3176 Decada
1258 3139 1393 3186 prima,
1415 3149 1450 3175 n.
1476 3137 1561 3185 167.
