2008 3510
327 254 405 304 856

265 360 411 407 Hierro,
432 361 751 399 Bartholomaeus
766 363 840 410 del,
859 365 1013 401 canoni-

317 433 385 459 cus
405 424 658 471 segoviensis,
683 424 745 463 26.

263 485 453 533 Hispalis,
488 497 591 534 opp.,
623 497 692 537 50,
724 498 793 538 51,
827 487 889 536 80,
925 499 1012 539 117,

321 547 408 595 168,
439 549 525 599 178,
557 549 766 600 180,235,
799 561 894 601 237,
922 562 1011 602 313,

319 621 409 660 315,
431 621 520 661 537,
549 611 644 659 666,
672 623 766 663 794;
794 624 856 651 res
885 614 1013 660 hispa-

308 673 445 713 lenses
459 673 664 712 Societatis
683 681 896 723 narrantur,
919 676 968 726 56
972 688 1012 727 5-

317 736 414 786 568;
440 738 656 786 sodalium,
695 740 846 787 Hispali
872 740 1011 787 degen-

315 800 427 847 tium,
449 811 648 848 numerus,
671 812 759 852 531;
782 803 932 850 Hispali
953 814 1009 840 re·

316 862 419 898 cedit
464 863 635 901 Joannes
686 865 769 901 Bta.
821 864 1005 912 Sanchez,

315 923 405 974 619;
427 926 740 973 archiepiscopus
760 928 1006 976 hispalensis,

313 997 349 1024 v.
366 987 524 1035 Valdes;
539 990 718 1036 vicarius,
737 1001 772 1027 v.
794 991 1006 1028 Cervantes

316 1050 362 1086 de
385 1049 551 1088 Salazar.

261 1111 450 1158 Hispania
470 1111 672 1164 (Espar‘ra),
700 1115 818 1161 regio,
850 1126 912 1165 23,
942 1126 1004 1166 71,

318 1184 409 1223 105,
441 1186 534 1225 109,
564 1186 654 1226 125,
689 1187 773 1227 140,
800 1176 885 1224 166,
918 1178 1004 1227 176,

314 1249 403 1289 213,
431 1250 519 1289 239,
553 1251 647 1290 251,
676 1252 765 1292 313,
796 1253 885 1292 322,
914 1242 1004 1292 346,

313 1311 403 1350 499,
432 1301 521 1350 518,
551 1314 640 1352 519»
672 1303 766 1352 526›
795 1314 885 1353 54²1
914 1304 1004 1354 555›

314 1370 403 1412 590,
430 1363 524 1411 610,
557 1365 646 1414 644,
675 1365 764 1412 661,
796 1365 885 1413 686,
914 1377 1004 1417 779,

313 1424 402 1474 819.

258 1487 412 1534 Hogum
435 1486 569 1540 (Huy),
592 1500 693 1536 opp„
718 1501 806 1540 505.

258 1551 416 1598 Hoffler,
433 1563 471 1590 v.
494 1552 674 1590 Villinus.

258 1613 461 1660 Homerus,
484 1619 610 1661 poeta,
631 1625 722 1665 442,
743 1627 834 1666 443.

258 1676 507 1723 Hostovinus,
546 1678 762 1724 Baithasar,
805 1677 841 1715 S.

313 1738 533 1776 Ostovinus.

258 1801 423 1848 Huesca,
445 1813 546 1849 opp.,
564 1814 598 1839 v.
613 1803 735 1853 Osca.

258 1863 395 1911 Huete,
416 1875 518 1911 opp.,
545 1875 630 1914 171.

257 1927 402 1974 Hundt,
429 1928 653 1975 Wiguleus,
683 1928 865 1965 Societati
892 1930 1005 1966 bene-

310 1991 439 2036 volus,
470 1994 579 2036 optat
607 1995 648 2026 ut
674 1990 853 2027 Canisius
877 1991 1005 2037 Ingol-

310 2052 478 2088 stadium
499 2063 539 2088 se
556 2052 727 2088 conferat
741 2053 789 2088 ad
806 2053 1004 2099 negotium

311 2114 464 2160 collegii
499 2114 798 2160 conficiendum,
839 2124 933 2165 323,
967 2127 1003 2152 v.

311 2175 495 2226 582-584.

257 2238 450 2285 Hungria,
483 2240 521 2277 P.
549 2239 771 2276 Ludovicus
798 2239 863 2285 de,
894 2239 928 2276 S.
956 2240 1002 2286 J.,

310 2312 346 2337 v.
367 2302 574 2348 Ungberia.

256 2363 430 2400 Hurtado
478 2365 525 2400 de
563 2364 772 2410 Mendoza,
812 2364 1000 2411 Andreas,

310 2427 481 2464 marchio
502 2428 548 2464 de
563 2428 720 2474 Canete,
734 2438 873 2474 prorex
893 2438 1004 2473 peru-

310 2489 460 2536 vianus,
486 2489 570 2539 167.

257 2551 430 2588 Hurtado
444 2553 490 2588 de
506 2552 708 2599 Mendoza,
725 2553 907 2599 Didacus,
925 2552 1003 2589 dux

310 2614 357 2650 de
394 2614 642 2660 Francavila,
682 2625 822 2661 prorex
857 2614 1004 2661 Arago-

309 2676 413 2722 niae,
453 2676 544 2723 168,
579 2676 657 2727 804
690 2681 727 2713 et
757 2687 877 2724 seqq.‚
911 2676 1001 2724 822,

310 2739 391 2785 ejus
411 2737 538 2784 frater,
563 2738 648 2775 168.

254 2800 427 2836 Hurtado
471 2801 518 2836 de
562 2801 770 2847 Mendoza,
815 2800 998 2848 Didacus,

306 2867 439 2898 cantor
453 2862 638 2899 ecclesiae
652 2863 892 2907 conchensis,
909 2875 999 2913 329.

253 2923 428 2964 Hurtado
467 2924 514 2962 de
558 2924 771 2970 Mendoza,
811 2924 999 2971 Didacus,

305 2990 435 3023 orator
474 2986 602 3023 Caroli
632 2987 668 3023 V
700 2987 739 3023 in
771 2987 864 3023 urbe
897 2989 999 3033 apud

305 3049 544 3095 pontificem,
573 3049 661 3099 646,
690 3048 784 3099 648,
813 3049 998 3099 696-698,

307 3120 395 3159 7491
418 3121 506 3161 750·

879 1678 926 1726 J.,
967 1690 1001 1717 v.

975 257 1147 297 Inmcsss

1086 365 1241 412 Hutten,
1267 366 1482 404 Mauricius
1502 378 1596 415 von,
1625 369 1832 416 episcopus

1140 430 1401 476 eystettensis,
1422 431 1628 477 collegium
1648 431 1832 478 ingolsta-

1139 491 1271 528 diense
1298 493 1449 539 Ignatio
1481 494 1564 530 vult
1590 496 1834 532 commenda-

1139 557 1232 601 tum,
1255 554 1441 605 713-716.

1445 695 1469 735 1

1082 802 1242 849 Ibafiez,
1269 802 1309 840 P.
1337 802 1548 850 Antonius,
1581 803 1619 841 S.
1648 804 1694 851 J.,
1729 815 1832 851 gan-

1135 865 1297 912 diensis,
1320 866 1419 902 inter
1443 867 1599 903 sodales
1626 868 1828 915 adlegitur,

1135 932 1172 964 et
1191 928 1382 974 laudatur,
1407 929 1494 977 508,
1521 937 1608 977 555.

1080 989 1254 1036 Ignatius
1274 990 1320 1026 de
1335 989 1497 1037 Loyola,
1515 990 1632 1036 stus„
1650 991 1829 1028 conditor

1134 1051 1341 1089 Societatis
1367 1052 1476 1099 Jesu,
1506 1053 1598 1100 quid
1621 1053 1762 1090 sentiat
1782 1054 1829 1090 de

1133 1118 1363 1152 testamento
1390 1115 1533 1162 Angeli
1561 1115 1733 1162 Suriani,
1765 1125 1827 1162 22;

1132 1177 1311 1223 precibus
1343 1178 1483 1214 adduci
1513 1189 1591 1215 non
1624 1182 1753 1224 potest
1787 1182 1830 1215 ut

1134 1238 1309 1276 Societas
1330 1241 1672 1277 commutationem
1693 1242 1829 1288 cujus-

1133 1302 1222 1338 dam
1241 1303 1295 1348 pii
1322 1304 1449 1350 operis
1478 1308 1668 1350 procuret,
1689 1304 1740 1340 ad
1761 1313 1829 1340 se-

1132 1365 1315 1411 goviense
1344 1366 1592 1413 gymnasium
1618 1366 1829 1402 instituen-

1133 1427 1242 1474 dum,
1266 1424 1334 1474 263
1356 1428 1508 1464 Patrem
1529 1428 1760 1465 Michaelem
1780 1428 1828 1464 de

1132 1489 1270 1526 Torres
1309 1490 1347 1526 in
1385 1491 1659 1537 Portugalliam
1699 1491 1826 1536 mittit,

1131 1553 1409 1598 provincialem
1440 1553 1626 1599 futurum,
1654 1553 1724 1601 48;
1746 1554 1827 1599 regi

1132 1624 1376 1651 romanorum
1404 1615 1520 1651 refert
1541 1615 1632 1662 quid
1653 1614 1829 1661 pontifex
1851 1616 1876 1650 .’

1131 1677 1179 1713 de
1198 1677 1364 1723 collegio
1383 1678 1566 1724 pragensi
1594 1677 1746 1724 dixerit,
1765 1687 1827 1725 735

1131 1750 1264 1786 preces
1291 1751 1360 1786 pro
1393 1740 1540 1777 Joanne
1568 1741 1615 1776 de
1649 1741 1829 1777 Cordoba

1131 1803 1268 1839 suadet
1288 1803 1457 1849 fundere,
1475 1812 1539 1853 91;
1560 1803 1721 1839 Romam
1741 1813 1829 1840 evo-

1132 1869 1194 1901 cat
1227 1866 1462 1902 Annibalem
1489 1866 1700 1911 Coudreto,
1741 1862 1826 1912 136;

1131 1927 1355 1964 Flandriam
1387 1928 1541 1965 Patrem
1573 1928 1828 1964 Rivadeneira

1132 1990 1249 2026 mittit
1265 1994 1306 2026 ut
1322 1991 1361 2027 in
1378 2002 1464 2027 eam
1484 1991 1680 2037 regionem
1697 1990 1826 2027 Socie-

1132 2057 1249 2089 tatem
1274 2053 1379 2100 regio
1395 2053 1591 2100 praesidio
1614 2053 1828 2089 admitten-

1132 2115 1220 2150 dam
1242 2119 1357 2161 curet,
1381 2124 1464 2163 140,
1482 2115 1583 2151 votis
1604 2114 1739 2150 Erardi
1753 2114 1827 2150 Da-

1131 2181 1239 2213 want
1267 2178 1416 2224 annuit,
1449 2177 1610 2213 Romam
1645 2178 1826 2213 accedere

1131 2240 1314 2286 volentis,
1349 2249 1421 2288 144
1430 2248 1439 2286 ;
1461 2239 1603 2275 frustra
1623 2239 1715 2276 totis
1736 2238 1827 2275 viri-

1131 2302 1203 2337 bus
1219 2302 1405 2337 adnititur
1433 2312 1452 2337 e
1480 2306 1673 2337 turcarum
1693 2300 1824 2336 vincu-

1130 2364 1178 2400 lis
1198 2364 1349 2400 Patrem
1368 2364 1537 2400 Guttano
1555 2364 1713 2409 eripere,
1741 2372 1826 2411 153,

1131 2426 1229 2462 solet
1250 2426 1422 2472 quotidie
1449 2436 1519 2472 pro
1539 2425 1751 2472 Hispaniae
1771 2435 1826 2461 re-

1130 2489 1243 2535 gibus
1261 2488 1384 2524 Deum
1404 2499 1525 2534 orare,
1554 2488 1598 2524 18
1606 2497 1639 2536 53
1661 2487 1827 2534 collegia

1130 2552 1364 2598 spoletinum
1398 2562 1443 2588 ac
1465 2551 1730 2587 morbeniense
1749 2560 1827 2586 non

1130 2613 1308 2660 admittit,
1334 2614 1429 2661 258;
1452 2623 1562 2649 suam
1583 2612 1705 2658 aperit
1724 2622 1825 2647 men-

1128 2679 1205 2711 tem
1221 2675 1324 2711 circa
1339 2675 1614 2721 obedientiam,
1631 2684 1745 2720 quam
1761 2684 1826 2719 pa-

1127 2737 1318 2774 triarchae
1357 2737 1589 2783 Aethiopiae
1628 2739 1824 2783 praestare

1128 2799 1335 2843 Societatis
1363 2799 1552 2846 episcopi,
1581 2799 1684 2835 illius
1716 2797 1824 2844 adju-

1126 2866 1246 2909 tores,
1269 2862 1426 2909 debent,
1452 2859 1548 2907 260,
1573 2859 1669 2907 261;
1691 2859 1822 2896 Indiae

1127 2924 1376 2961 missionibus
1406 2923 1599 2970 providet,
1637 2918 1821 2970 274-276;

1126 2987 1339 3024 Eleonorae
1369 2986 1644 3023 Mascarenhas
1673 2984 1818 3030 scribit,

1130 3059 1223 3097 301;
1250 3053 1359 3096 putat
1386 3048 1620 3086 Societatem
1654 3057 1731 3083 non
1756 3046 1823 3082 de-

1126 3123 1210 3148 cere
1230 3116 1272 3149 ut
1285 3112 1368 3159 ipsa
1381 3115 1487 3148 curet
1506 3109 1722 3148 sacerdotia
1741 3109 1820 3145 col-
