2046 3548
307 265 329 302 8
920 275 974 302 AD
1004 274 1226 302 LECTOREM

252 371 459 436 collegio,
479 371 605 436 quod
623 371 849 434 ‘siguntini
874 370 995 417 cives
1021 370 1067 417 in
1091 387 1172 418 sua
1191 371 1303 418 urbe
1329 387 1500 435 ponere
1516 372 1616 438 jam
1642 381 1753 419 tunc
1779 383 1894 420 tem-

252 448 375 511 poris
399 447 636 502 volebant,
663 446 907 509 diligenter
932 445 1037 509 agit.

318 525 677 585 Septimancenses
702 521 875 567 litterae
899 520 1092 582 Joannis
1116 521 1372 584 Mosqu'era
1393 521 1449 567 de
1472 520 1672 579 Molina,
1702 537 1895 586 magnae

252 598 530 644 auctoritatis
556 597 656 652 viri,
677 608 813 661 atque
838 597 948 643 aliae
969 596 1114 643 Patris
1134 595 1256 642 Petri
1280 596 1568 653 Domenech,
1589 611 1653 657 30
1674 596 1818 655 Nov.,
1838 597 1895 645 de

251 672 608 720 constabilienda
632 673 789 729 domo,
815 673 871 719 de
896 671 1155 718 animorum
1183 669 1340 717 fructu
1371 687 1429 716 ex
1468 682 1734 718 nostrorum
1767 672 1813 718 in
1845 689 1896 719 ea

250 747 611 794 commoratione
637 758 867 810 percepto,
893 747 1132 793 disserunt.

318 825 587 870 Marcianae
603 822 646 868 in
670 822 827 885 primis
847 822 1099 870 laudandae
1119 821 1331 867 antistitis
1351 821 1568 885 Stephani
1585 823 1641 870 de
1667 822 1895 881 Almeida,

251 897 427 962 collegii
460 897 730 955 conditoris,
760 913 785 944 2
817 898 940 955 Oct.‚
979 898 1146 962 quibus
1180 897 1346 943 eximia
1378 897 1515 944 animi
1547 897 1818 945 demissione
1850 915 1896 944 se

251 973 588 1037 collegiumque
607 989 743 1019 suum
764 972 946 1036 Ignatio
972 972 1289 1029 commendat3
1314 983 1359 1018 et
1379 971 1527 1028 Patris
1549 972 1741 1033 Joannis
1767 973 1894 1021 Btae.

253 1048 309 1094 de
333 1047 515 1106 Barma,
534 1048 611 1112 qui
639 1048 772 1111 plura
794 1065 900 1094 cum
928 1048 984 1095 de
1009 1047 1201 1111 collegio
1228 1048 1480 1104 murciano,
1501 1057 1601 1093 tum
1628 1048 1687 1095 de
1708 1034 1896 1095 univer-

252 1139 300 1168 sa
325 1123 588 1186 Aragoniae
620 1122 871 1186 provincia,
897 1139 1036 1187 quam
1069 1133 1327 1186 susceperat
1361 1122 1706 1180 moderandam,
1739 1123 1895 1181 tradit,

254 1213 279 1245 2
286 1213 312 1259 3
340 1198 469 1245 Nov.

323 1273 611 1320 Cordubenses
636 1273 836 1337 denique
861 1271 1057 1319 baeticae
1089 1272 1321 1319 Societatis
1343 1272 1603 1335 provinciae
1622 1282 1792 1320 statum
1817 1274 1897 1321 de-

254 1347 442 1406 clarant,
477 1347 547 1393 cui
584 1348 868 1411 praepositus
899 1347 1186 1394 renuntiatus
1222 1357 1289 1393 est
1328 1347 1377 1394 P.
1419 1347 1800 1394 Bartholomaeus
1840 1348 1897 1395 de

256 1422 570 1469 Bustamante.
601 1421 713 1480 Hic,
745 1437 808 1482 30
833 1422 940 1470 Oct.
966 1433 1010 1468 et
1040 1437 1104 1483 30
1132 1422 1281 1479 Nov.,
1311 1437 1497 1468 cursum
1531 1433 1792 1469 nostrarum
1826 1439 1897 1469 re-

257 1514 360 1543 rum
385 1497 632 1544 Cordubae
659 1497 760 1561 (ubi
787 1497 1049 1544 tirocinium
1075 1497 1193 1543 illius
1219 1497 1479 1560 provinciae
1510 1497 1640 1544 initio
1675 1498 1896 1550 constitu-

258 1584 357 1618 tum
384 1572 492 1634 est),
521 1572 723 1636 Hispali,
752 1571 1017 1619 Montuliae
1042 1572 1195 1636 paucis
1215 1573 1495 1636 perstringit,
1522 1572 1656 1636 plura
1682 1573 1897 1636 proximo

258 1664 378 1692 anno
403 1647 624 1695 dicturus.
652 1647 732 1694 Ad
758 1647 1097 1711 cognoscendas
1122 1647 1231 1693 item
1254 1664 1322 1694 res
1347 1648 1581 1694 Societatis
1598 1648 1643 1694 in
1663 1648 1898 1712 Hispania

258 1720 502 1768 conferunt
527 1721 699 1768 litterae
725 1721 870 1768 Patris
895 1722 1090 1768 Antonii
1115 1722 1173 1769 de
1197 1721 1431 1779 Cordoba‚
1461 1738 1477 1767 Ι
1511 1722 1641 1770 Nov.
1667 1723 1834 1780 datae.-

325 1797 368 1843 E
395 1797 679 1861 Portugallia
704 1797 838 1843 Pater
864 1797 1041 1854 Miron,
1075 1811 1127 1859 15
1155 1797 1276 1855 Oct.‚
1302 1797 1483 1844 initium
1504 1797 1762 1844 scholarum
1795 1815 1897 1844 nar-

260 1881 342 1928 rat,
368 1870 738 1934 eloquentissima
773 1871 1032 1935 Perpiniani
1065 1872 1272 1918 oratione
1313 1872 1357 1918 in
1393 1872 1520 1936 regio
1550 1871 1896 1919 conimbricensi

260 1947 499 2008 gymnasio
550 1945 739 2004 factum,
784 1947 910 2011 quod
958 1946 1235 1993 adstantium
1284 1947 1609 2010 gratulationes
1655 1947 1898 1994 comitatae

258 2022 553 2084 sunt.—Ipse
591 2033 766 2078 autem,
808 2023 1033 2085 regendae
1077 2022 1335 2084 provinciae
1377 2021 1646 2086 magistratu
1696 2019 1896 2079 functus,

260 2096 497 2141 tractanda
518 2096 825 2160 gubernacula
841 2095 1060 2142 Michaeli
1077 2096 1133 2142 de
1157 2096 1331 2142 Torres
1350 2095 1593 2152 commisit,
1614 2094 1692 2159 qui
1718 2095 1762 2141 in
1784 2095 1898 2142 Por-

260 2170 495 2233 tugalliam
516 2171 771 2228 arcessitus,
789 2181 842 2217 ut
859 2182 974 2217 esset
993 2171 1175 2234 reginae
1201 2187 1226 2217 a
1244 2169 1623 2230 confessionibus,
1648 2180 1898 2234 utrumque

262 2262 430 2291 munus
462 2245 588 2291 obire
622 2246 769 2307 jussus
800 2246 856 2292 ab
889 2246 1071 2310 Ignatio
1109 2257 1188 2293 est.
1228 2246 1358 2308 Quid
1389 2257 1541 2292 autem
1573 2245 1630 2292 de
1654 2261 1700 2291 se
1722 2245 1900 2310 judicet

262 2321 448 2376 Torres,
474 2320 621 2384 deque
648 2321 883 2383 provincia
906 2320 988 2366 sibi
1016 2321 1195 2378 tradita,
1221 2320 1366 2383 aperit
1391 2321 1482 2366 suis
1510 2320 1683 2378 litteris,
1712 2337 1745 2379 4
1770 2320 1896 2366 Nov.

324 2396 429 2440 Alia
454 2408 683 2457 praeterea
707 2407 854 2441 exstat
878 2396 1167 2458 olisiponensis
1191 2396 1393 2458 epistola,
1419 2396 1513 2441 sive
1539 2412 1686 2441 sacrae
1711 2394 1898 2458 inquisi-

262 2470 395 2515 tionis
421 2470 676 2516 testificatio
701 2471 757 2517 de
791 2471 1011 2517 Societate
1040 2471 1168 2531 Jesu,
1209 2486 1263 2534 19
1288 2471 1419 2529 Oct.‚
1461 2487 1485 2516 a
1517 2470 1659 2516 Petro
1692 2470 1898 2516 Alvarez

260 2545 317 2591 de
341 2544 537 2591 Paredes
564 2546 833 2608 subscripta.
861 2546 994 2592 Haec
1022 2563 1160 2609 porro
1191 2563 1282 2592 una
1306 2563 1330 2591 e
1357 2545 1511 2591 multis
1544 2555 1625 2602 est,
1657 2561 1787 2609 quae,
1821 2561 1917 2591 ro-v

261 2630 396 2681 gante
422 2619 617 2682 Ignatio‚
645 2619 846 2666 Romam
873 2637 928 2666 ex
953 2620 1142 2666 diversis
1166 2637 1214 2666 ac
1247 2620 1412 2666 dissitis
1445 2620 1661 2683 Europae
1694 2619 1899 2682 partibus

263 2693 421 2738 missae
445 2705 564 2750 sunt,
587 2706 637 2740 ut
661 2694 828 2740 eisdem
855 2695 1051 2741 Societas
1076 2695 1293 2741 adversus
1319 2694 1608 2740 notissimum
1643 2693 1899 2757 parisiensis

262 2768 516 2813 academiae
535 2768 787 2827 decretum,
816 2769 850 2814 si
876 2786 992 2832 opus
1018 2780 1148 2827 esset,
1175 2781 1328 2832 posset
1351 2786 1435 2814 suo
1462 2780 1670 2830 tempore
1695 2767 1775 2814 uti.

326 2843 484 2906 Atque
522 2844 627 2890 haec
661 2845 717 2890 de
750 2844 951 2907 epistolis
983 2844 1088 2890 anni
1128 2857 1270 2906 1555,
1304 2860 1420 2910 quae
1457 2843 1502 2890 in
1538 2842 1625 2888 hoc
1660 2842 1896 2890 volumine

262 2916 502 2966 habentur.
