2066 3516
781 307 826 349 13
857 294 1047 350 JANUARn
1079 296 1181 350 1556
1668 295 1740 348 163

165 400 313 448 hazen
337 401 521 448 armada
553 417 662 465 para
692 419 933 467 recuperar
966 406 993 452 Ξι
1023 403 1176 468 Bugia
1194 402 1225 462 ¹,
1250 401 1392 450 arales
1421 399 1530 449 falta
1547 400 1587 448 el
1611 418 1796 449 socorro

165 492 255 540 que
289 486 416 523 otros
450 480 560 523 afios
583 476 727 523 solian
763 488 892 524 tener
914 477 1061 525 delos
1096 477 1433 534 ecclesiasticos,
1465 476 1533 523 los
1565 476 1719 540 quales
1749 492 1796 523 se

165 567 378 606 scusaron
403 551 459 598 de
486 551 622 608 darle3
649 569 675 614 y
700 569 835 598 como
858 552 983 616 lleg6-
999 570 1061 599 vn
1087 552 1225 599 breue
1249 552 1305 598 de
1330 552 1372 599 S.
1398 551 1457 610 S.‚
1477 551 1743 615 aprobando
1767 569 1795 614 y

166 625 483 672 confirmando
509 625 553 672 lo
577 643 666 690 que
692 626 800 673 hizo
827 626 979 688 Julio,
1013 626 1156 674 di6les
1190 628 1216 673 Ξῑ
1250 626 1318 672 los
1351 626 1423 672 del
1458 642 1538 688 rey
1572 642 1684 690 gran
1709 625 1797 672 ale-
1835 686 1839 691 ,

165 700 297 763 gr6n3
322 717 352 763 y
377 717 511 746 como
535 701 670 764 luego
694 718 719 747 a
741 701 1047 749 sobreuenido
1072 702 1114 748 la
1136 701 1405 762 reuocacion
1426 701 1456 759 2,
1481 718 1586 748 anse
1609 702 1794 749 descon-

166 774 341 822 solado.
372 775 447 822 En
474 776 586 823 todo
609 787 706 823 esto
731 777 774 824 S.
800 778 861 825 A.
886 794 931 823 se
950 788 1153 824 muestra
1171 777 1419 823 verdadera
1438 777 1527 840 hija
1545 777 1661 824 dela
1685 777 1797 841 igle-

165 848 245 906 sia,
270 866 465 914 avnque,
491 867 625 897 como
660 868 685 896 a
709 851 928 910 sucedido
961 868 1018 897 en
1046 850 1107 897 tal
1137 851 1340 909 ocasion,
1372 850 1411 897 el
1435 851 1725 897 sentimiento
1751 868 1797 897 es

166 924 408 982 vniversal,
434 926 699 988 praesertim
725 926 841 973 inter
865 937 1101 990 magnates
1125 937 1170 972 et
1193 925 1489 982 consiliarios3
1522 942 1637 983 mas,
1663 943 1796 972 como

164 1015 248 1044 son
274 1010 351 1045 tan
375 999 637 1057 catholicos,
662 1016 794 1063 spero
819 999 862 1046 lo
887 1002 1078 1063 pasaran
1103 1016 1237 1046 como
1261 998 1424 1047 deben.
1456 999 1600 1045 Desta
1629 1016 1727 1045 casa
1750 1016 1796 1046 se

166 1073 281 1120 haze
305 1091 335 1136 y
360 1075 437 1120 ara
460 1091 546 1120 con
570 1074 610 1121 el
635 1073 769 1121 fabor
792 1075 850 1121 de
876 1085 1060 1130 nuestro
1086 1075 1228 1121 Sefior
1251 1073 1296 1120 lo
1326 1090 1416 1138 que
1447 1090 1503 1120 en
1539 1085 1661 1120 otras
1694 1091 1796 1121 oca-

165 1235 526 1282 ecclesiasticorum,
559 1234 653 1282 Regi
684 1235 954 1282 Hispaniarum
985 1235 1092 1282 prius
1122 1244 1346 1281 concessae,
1368 1245 1455 1271 cum
1485 1235 1711 1281 praesertim
1749 1245 1795 1271 eo

165 1301 336 1344 tempore
358 1299 404 1335 de
426 1299 688 1344 recuperanda
714 1298 831 1335 Busia
852 1296 938 1348 [sic‚
967 1302 1005 1334 at
1030 1292 1234 1345 legendum
1260 1298 1383 1345 Bugia
1408 1298 1469 1334 vel
1496 1295 1658 1347 Buxia],
1681 1308 1795 1345 quam

164 1361 338 1397 saraceni
364 1362 480 1407 paulo
508 1364 595 1397 ante
616 1362 654 1398 in
682 1361 812 1398 Africa
833 1366 1137 1409 occupaverant,
1159 1362 1208 1398 ad
1232 1363 1396 1398 classem
1417 1361 1680 1398 instruendam
1707 1372 1796 1397 ma-

163 1434 280 1471 gnam
301 1424 353 1460 rei
373 1424 618 1470 pecuniariae
639 1426 799 1471 penuria
817 1426 1067 1472 laboraretur;
1085 1425 1205 1461 nostri
1226 1428 1353 1460 tamen
1369 1424 1585 1470 Principem
1605 1424 1795 1460 Joannam

162 1486 202 1522 in
223 1486 351 1523 officio
370 1490 406 1522 et
422 1487 642 1523 obedientia
661 1487 775 1524 Sedis
792 1488 1043 1535 Apostolicae
1060 1488 1368 1524 continuerunt.»
1385 1487 1686 1524 Revocationem
1701 1496 1794 1523 vero

160 1550 336 1596 subsidii,
362 1550 468 1596 prius
495 1561 573 1586 non
604 1551 686 1587 sine
707 1550 935 1588 difficultate
962 1563 983 1588 a
1009 1552 1128 1588 Paulo
1154 1551 1209 1588 IV
1229 1551 1440 1597 impetrati,
1462 1551 1614 1597 aliaque
1645 1551 1695 1587 ad
1715 1561 1794 1586 rem

159 1613 374 1659 spectantia
394 1613 481 1650 vide
503 1614 604 1660 apud
619 1614 804 1660 probatos
824 1619 1011 1661 auctores,
1031 1614 1095 1661 qui
1117 1614 1317 1650 historiam
1333 1614 1438 1650 illius
1453 1613 1637 1660 temporis
1654 1616 1691 1649 et
1707 1616 1794 1649 acta

158 1676 268 1712 Pauli
287 1675 341 1712 IV
362 1686 448 1712 curn
468 1677 706 1723 principibus
726 1677 937 1724 Hispaniae
958 1678 1097 1714 litteris
1117 1677 1380 1724 prodiderunt.

214 1736 241 1791 ¹·
287 1739 481 1786 «Benigne
507 1740 640 1776 audita
667 1744 726 1777 est
757 1752 779 1777 a
804 1741 1027 1778 civitatibus
1053 1740 1293 1776 denuntiatio
1314 1740 1360 1776 de
1387 1739 1573 1776 militibus
1593 1738 1793 1785 imperan-

159 1802 229 1848 dis;
250 1812 338 1838 nam
355 1802 519 1839 amissae
538 1803 683 1850 Bugiae
704 1803 861 1841 nuntius
881 1808 1106 1840 cunctorum
1126 1813 1192 1850 per
1206 1802 1434 1850 Hispaniam
1454 1802 1592 1839 animis
1610 1812 1791 1848 magnum

158 1865 333 1902 dolorem
354 1869 391 1902 et
409 1866 586 1903 timorem
607 1867 840 1914 incusserat,
862 1867 1119 1913 reputantium
1141 1866 1325 1913 oppidum
1344 1866 1548 1902 imminens
1567 1865 1789 1912 Hispaniae,

157 1927 311 1975 Turcis,
341 1939 445 1965 mare
477 1933 650 1966 nostrum
680 1930 854 1976 piraticis
881 1929 1168 1976 infestantibus,
1197 1929 1413 1976 perfugium
1445 1932 1482 1965 et
1507 1928 1790 1975 receptaculum

158 2001 245 2028 cum
265 2002 407 2038 magno
427 1996 643 2029 nostrorum
666 1993 837 2039 periculo
865 1993 1008 2029 factum
1030 2004 1150 2031 esse.»
1180 1993 1448 2039 SEPULVEDA,
1474 1989 1545 2029 De
1570 1988 1695 2029 rebus
1709 2001 1791 2041 ge-

156 2051 234 2092 stis
262 2051 415 2093 Caroli
442 2051 486 2102 V,
514 2055 578 2092 lib.
606 2063 709 2103 XXX,
736 2065 771 2093 n.
805 2064 864 2104 15.
888 2056 991 2092 Vide
1020 2057 1160 2104 locum,
1180 2055 1246 2092 ubi
1272 2056 1418 2103 Bugiae
1449 2055 1606 2092 amissio
1635 2054 1792 2091 uberius

158 2117 383 2164 explicatur.

212 2177 230 2203 2
289 2180 454 2216 «Romae
484 2180 613 2218 Caroli
639 2181 790 2228 legatus
817 2181 864 2218 ab
892 2182 1027 2218 eodem
1047 2182 1167 2218 Paulo
1194 2181 1399 2227 Pontifice,
1426 2184 1470 2217 ut
1495 2181 1692 2218 decretum
1715 2183 1792 2219 Ju-

158 2242 200 2279 lii
224 2239 309 2294 [III]
335 2253 382 2279 ac
401 2243 610 2289 irrogatum
626 2243 764 2280 Carolo
784 2244 1028 2291 privilegium
1049 2244 1304 2288 confirmaret,
1321 2244 1577 2290 impetravit...
1595 2244 1672 2281 Sed
1688 2245 1791 2281 idem

160 2305 348 2353 Pontifex,
370 2306 605 2343 Clericorum
628 2307 828 2354 diligentia
841 2311 878 2344 et
897 2307 1146 2354 querimoniis
1161 2307 1301 2344 certior
1316 2307 1452 2354 factuS,
1469 2318 1579 2344 suum
1596 2308 1791 2344 decretum

160 2372 198 2405 et
217 2369 547 2406 confirmationem
566 2370 732 2407 rescidit.
755 2370 871 2418 Cujus
892 2371 1027 2407 mutati
1047 2371 1198 2407 consilii
1225 2381 1384 2407 causam
1410 2370 1511 2406 idem
1539 2371 1680 2407 Paulus
1707 2370 1791 2407 for-

159 2435 262 2467 tasse
283 2442 354 2467 nec
374 2432 575 2468 honestam
595 2443 665 2469 nec
684 2433 924 2479 probabilem
944 2434 1084 2480 intulit,
1106 2434 1209 2481 quod
1230 2433 1470 2470 confirmatio
1487 2433 1566 2479 illa,
1583 2443 1791 2479 suppressa

158 2495 285 2541 priore
306 2495 546 2541 rescissione,
568 2506 590 2531 a
609 2506 650 2531 se
672 2495 806 2532 fuisset
826 2500 992 2542 extorta;
1014 2497 1142 2543 itaque
1169 2497 1417 2543 gravissimas
1442 2506 1589 2542 poenas
1617 2499 1653 2531 et
1674 2506 1791 2531 exse-

163 2557 354 2593 crationes
385 2568 454 2604 per
483 2558 630 2595 litteras
662 2558 700 2594 in
731 2569 797 2595 eos
828 2560 1017 2605 decernit,
1045 2570 1207 2606 quorum
1239 2559 1403 2596 consilio
1430 2562 1496 2594 aut
1526 2569 1643 2604 opera
1676 2558 1790 2594 rebus

161 2617 444 2656 EcclesiasticIS
464 2620 524 2656 vis
547 2624 612 2656 aut
631 2632 766 2657 manus
787 2622 904 2658 allata
924 2622 1032 2668 foret,
1053 2622 1127 2658 nisi
1148 2622 1196 2657 ad
1217 2622 1370 2668 incepto
1392 2621 1631 2666 desisterent;
1649 2620 1788 2666 quibus

159 2681 297 2718 litteris
316 2682 486 2728 perlatis,
509 2686 546 2719 et
565 2683 704 2730 quibus
722 2684 848 2721 visum
869 2689 925 2721 est
946 2689 1140 2731 oportere,
1167 2685 1293 2730 lectis,
1315 2688 1494 2730 coeptum
1521 2687 1579 2719 est
1606 2683 1645 2718 in
1669 2683 1788 2729 Regio

159 2743 331 2781 Consilio
369 2745 592 2791 diligentius
629 2748 676 2783 de
715 2751 796 2784 toto
839 2748 994 2795 negotio
1038 2747 1260 2784 consultari.
1299 2747 1496 2783 Postremo
1541 2745 1707 2792 placuit,
1746 2749 1788 2781 ut

159 2806 340 2843 inchoata
361 2818 498 2844 causae
519 2810 688 2856 cognitio
716 2811 956 2847 commodius
983 2811 1021 2847 in
1047 2815 1198 2856 tempus
1225 2813 1494 2854 reservaretur,
1517 2812 1553 2844 et
1581 2811 1788 2844 exsecuto-

158 2879 229 2915 res,
250 2873 293 2905 ut
313 2869 456 2906 factum
477 2874 546 2916 est,
567 2877 847 2919 revocarentur,
870 2877 906 2909 et
926 2873 982 2909 sic
1001 2883 1076 2919 pax
1105 2873 1287 2909 Ecclesiis
1308 2873 1357 2908 ad
1382 2876 1532 2918 tempus
1559 2871 1729 2916 reddita,
1751 2873 1788 2906 et

159 2931 352 2968 sublatum
381 2933 661 2973 interdictum.»
696 2935 963 2982 SEPULVEDA,
990 2933 1017 2974 l.
1044 2948 1088 2983 c.,
1116 2947 1153 2974 n.
1185 2947 1245 2982 10,
1269 2930 1508 2973 11.—-Porro
1534 2934 1638 2980 Mag.
1659 2933 1789 2970 Canus

160 2993 300 3040 aliique
321 3000 549 3032 censuerant
571 2998 696 3045 «exigi
724 2999 975 3035 nihilominus
1002 2999 1216 3036 subsidium
1241 3009 1368 3045 posse.
1395 2998 1455 3035 Fr.
1483 2997 1710 3034 Dominicus
1741 2997 1787 3031 de

159 3056 253 3093 Soto
280 3062 317 3094 et
339 3058 379 3095 P.
406 3058 532 3096 Araoz
558 3062 789 3098 contrarium
815 3062 1043 3109 sentiebant,
1078 3066 1115 3098 et
1144 3062 1278 3098 horum
1309 3061 1481 3108 opinioni
1509 3060 1684 3097 adhaesit
1713 3059 1788 3095 Gu-

158 3119 370 3168 bernatrix,
414 3126 451 3157 et
499 3125 682 3170 suspendi
720 3126 984 3163 executionem
1022 3125 1185 3162 subsidii
1218 3125 1371 3173 jussit».
1409 3125 1616 3170 POLANCO‚
1655 3127 1682 3160 t.
1723 3130 1784 3171 VI,

158 3191 248 3229 pag.
271 3183 360 3230 630,
379 3193 415 3221 n.
439 3194 484 3232 27
494 3195 552 3232 13.
