2014 3528
910 190 920 213 Ι

804 300 849 328 21
882 300 1041 328 APRILIS
1075 288 1176 340 1556
1675 285 1750 337 283

170 395 347 459 asylum
380 394 768 459 frequentantium
803 394 938 441 turba
970 412 1083 459 pene
1117 395 1198 441 hac
1228 394 1580 459 quadragesima
1610 393 1806 440 obrutus

170 469 250 518 fui:
282 470 531 516 scholastici
563 469 843 533 complures,
876 470 1142 534 praecipuae
1177 469 1301 516 vrbis
1344 481 1590 526 matronae,
1632 468 1806 532 aliquot

170 556 409 591 extraneae
436 545 665 602 mulieres,
693 545 928 592 nobilitate
954 545 1169 604 illustres,
1197 562 1312 610 quae
1337 545 1393 591 ad
1417 544 1658 590 conciones
1683 560 1805 590 meas

169 618 479 678 confluebant,
507 619 679 665 nobiles
704 620 877 684 aliquot
904 621 1174 677 meretrices,
1194 632 1238 665 et
1261 619 1540 664 concubinae
1563 618 1819 664 canonico-A

170 710 295 750 rum,
323 693 431 739 mihi
465 692 715 750 confessae,
749 695 868 740 vitae
900 695 1165 741 mutationis
1195 694 1387 756 speciem
1424 710 1528 757 prae
1560 710 1605 738 se
1636 691 1802 739 ferunt.

170 768 254 815 Pio
278 767 479 823 consilio,
506 778 643 832 atque
667 785 754 831 ope
779 769 962 831 piorum
989 768 1257 832 pecuniaria,
1283 769 1538 814 meretrices
1561 786 1804 816 conuersas

170 842 215 889 in
248 842 416 890 Christi
443 842 543 888 sinu
577 840 729 900 foueo,
764 860 818 889 ne
843 843 1044 889 recidant
1068 843 1111 888 in
1137 843 1486 906 sterquilinium,
1513 843 1641 889 cuius
1666 844 1802 891 studii

171 915 293 963 fama
320 915 732 981 fragrantissimum
758 917 991 964 Societatis
1017 917 1183 981 sparsit
1207 917 1412 964 odorem.

234 990 346 1036 Non
371 991 536 1036 desunt
563 1002 814 1049 matronae,
842 1008 972 1055 quae,
1000 1008 1101 1037 meo
1122 989 1263 1037 fretae
1281 990 1487 1050 consilio,
1510 991 1805 1038 confessionis

170 1075 306 1130 atque
330 1066 667 1112 communionis
692 1078 972 1112 sacramenta
995 1078 1160 1112 octauo
1192 1083 1377 1130 quoque
1401 1066 1472 1112 die
1498 1065 1804 1130 frequentent,

172 1158 368 1204 quarum
395 1158 483 1186 vna
510 1153 789 1187 mercaturae
818 1141 1083 1187 exercitium
1110 1141 1214 1187 satis
1238 1141 1455 1204 opulenta
1481 1141 1614 1204 plane
1638 1142 1804 1201 omisit,

169 1227 222 1263 vt
248 1216 429 1263 liberius
453 1233 622 1280 sponso
648 1216 834 1263 Christo
861 1216 999 1263 vidua
1018 1216 1219 1264 seruiret.
1237 1216 1567 1280 Compluribus
1592 1217 1805 1280 persuasi,

119 1294 122 1296 ’
173 1301 223 1336 vt
263 1290 422 1337 saltem
454 1290 684 1336 mensibus
716 1290 906 1354 singulis
937 1290 1237 1354 poenitentiae
1269 1291 1554 1348 antidotum,
1586 1291 1643 1338 ad
1674 1291 1806 1338 vitio-

170 1381 276 1411 rum
302 1364 622 1428 expellendum
648 1382 893 1423 venenum,
921 1366 1291 1429 praesentissimo
1317 1366 1518 1412 remedio
1543 1377 1738 1413 sumant.

237 1439 373 1486 Certe
398 1439 678 1503 amplissima
711 1439 781 1486 hic
807 1440 960 1486 messis
989 1439 1175 1487 Christo
1205 1439 1458 1503 colligitur,
1493 1440 1651 1486 vnicus
1676 1441 1810 1488 sudat

170 1515 417 1578 operarius.
445 1515 633 1578 Quanta
657 1515 820 1561 horrea
843 1516 994 1562 extrui
1022 1526 1257 1579 poterant,
1274 1527 1447 1580 quanto
1473 1515 1669 1578 amplior
1695 1532 1809 1562 mes-

170 1591 230 1637 sis
254 1591 481 1654 speranda
505 1601 614 1650 erat,
640 1591 674 1637 si
700 1591 932 1638 Societatis
955 1591 1103 1638 coloni
1128 1591 1239 1638 hanc
1266 1603 1432 1637 terram
1458 1591 1706 1637 incolerent
1729 1608 1809 1637 ex-

171 1665 476 1730 colerentque!
505 1666 682 1711 Verum
707 1665 944 1713 enimvero
958 1666 1203 1723 Societatis,
1226 1666 1441 1729 proximo
1462 1682 1615 1712 mense
1640 1665 1810 1712 aduen-

172 1740 330 1798 tantis,
366 1757 468 1804 spes
501 1757 582 1786 nos
605 1741 868 1787 consolatur
892 1753 1028 1806 atque
1059 1741 1289 1788 exhilarat.
1324 1741 1459 1788 Certe
1485 1739 1693 1804 pontifex
1717 1740 1807 1786 cla-

171 1827 487 1874 romontanus,
516 1816 658 1863 missis
683 1817 739 1862 ad
766 1817 934 1864 Rdam.
965 1817 1283 1881 paternitatem
1310 1829 1436 1863 tuam
1462 1816 1685 1880 petitoriis
1713 1815 1810 1862 lite-

172 1891 253 1948 ris,
286 1891 446 1937 animis
471 1892 635 1938 nostris
659 1892 866 1956 prosperi
895 1909 1124 1939 successus
1150 1892 1364 1939 fiduciam
1389 1891 1631 1955 suggessit.
1661 1891 1805 1938 Rdus.

135 1995 143 1997 -
172 1965 456 2029 praepositus
489 1965 797 2028 prouincialis,
830 1966 981 2013 DnuS.
1014 1966 1278 2013 Paschasius
1304 1966 1539 2023 Broetius,
1574 1965 1807 2011 literarum

171 2055 357 2085 suarum
385 2040 606 2102 suppetiis
629 2057 756 2102 spem
788 2052 1055 2103 conceptam
1086 2040 1198 2086 aluit
1228 2042 1458 2104 auxitque.
1494 2040 1558 2087 Et
1582 2040 1670 2086 iam
1696 2056 1810 2103 qua-

175 2125 282 2159 tuor
307 2114 533 2176 praecipui
559 2113 736 2160 scholae
762 2114 1036 2160 biliomensis
1063 2115 1215 2177 (cuius
1233 2116 1382 2161 omnis
1407 2114 1809 2161 administrationis

166 2187 246 2254 jus
282 2204 306 2233 a
335 2188 659 2234 canonicorum
694 2188 885 2252 collegio
915 2189 960 2234 in
992 2189 1226 2235 Societatis
1266 2189 1505 2236 arbitrium
1539 2189 1808 2235 translatum

172 2263 263 2325 est)
302 2263 613 2309 moderatores
642 2280 748 2309 cum
780 2263 956 2310 ciuibus
987 2264 1382 2322 issiodorensibus,
1414 2275 1648 2311 contracto
1680 2264 1808 2322 inito,

172 2348 489 2383 conuenerunt
515 2349 586 2394 vt,
613 2338 834 2400 proximis
862 2339 923 2385 D.
957 2338 1182 2398 Johannis
1213 2339 1441 2402 Baptistae
1474 2337 1616 2394 feriis,
1635 2339 1806 2401 juuen-

174 2412 284 2458 tutis
309 2412 352 2458 in
378 2429 429 2458 ea
452 2412 565 2458 vrbe
590 2414 891 2459 instituendae
914 2431 1070 2460 curam
1091 2414 1348 2477 suscipiant,
1369 2414 1547 2460 scholae
1572 2413 1808 2459 biliomeae

176 2487 484 2534 valedicentes.
517 2488 677 2552 Itaque
710 2481 1018 2551 professorum
1054 2489 1277 2552 praesidio
1309 2489 1570 2535 scholastica
1600 2488 1808 2549 exercitia

176 2563 496 2620 destituentur,
524 2563 605 2609 nisi
629 2563 851 2621 Societas,
876 2565 1052 2610 ruinam
1084 2564 1285 2628 alioquin
1318 2564 1506 2610 minanti
1539 2562 1806 2620 academiae,

136 2683 139 2686 .
175 2637 393 2683 humeros
419 2637 672 2684 submittat.
701 2638 789 2684 Sed
817 2638 938 2684 bona
961 2655 1039 2701 spe
1064 2637 1183 2696 freti,
1202 2649 1405 2701 speratae
1430 2638 1642 2684 victoriae
1667 2654 1806 2682 enco-

175 2712 320 2758 mium
356 2713 585 2771 canimus,
623 2714 842 2776 trophaea
884 2713 1179 2776 propediem,
1218 2713 1405 2759 Christo
1446 2714 1576 2770 duce,
1601 2711 1804 2758 erecturi.

176 2785 474 2832 Domicilium
502 2799 798 2850 praeparatur
824 2787 1099 2849 excipiendis
1130 2785 1365 2843 fratribus,
1396 2786 1541 2833 donec
1564 2785 1806 2849 collegium

175 2860 400 2907 destinato
424 2861 520 2907 solo
545 2861 754 2907 Societati
779 2873 982 2908 erectum
1006 2861 1074 2907 sit.

245 2935 394 2982 Rdus.
425 2936 561 2982 Pater
587 2949 739 2983 noster
766 2935 1105 2999 HieronymuS,
1131 2936 1176 2981 in
1203 2935 1480 2982 monasterio
1504 2934 1697 2981 stellensi
1721 2934 1730 2958 ¹
1759 2951 1807 2979 ac

233 3104 244 3125 ¹
299 3109 358 3145 De
380 3109 454 3146 hoc
474 3110 707 3147 monasterio
727 3110 814 3147 vide
841 3110 894 3148 sis
917 3106 1013 3148 Litt.
1041 3106 1219 3159 Quadr„
1241 3113 1266 3146 t.
1288 3117 1344 3156 1v,
1367 3120 1452 3156 pag.
1475 3119 1538 3155 41,
1560 3113 1689 3145 annot.
1716 3119 1747 3154 1,
1770 3111 1806 3144 et

178 3181 266 3218 Pag·
286 3181 375 3219 339·
