2014 3528
794 255 950 296 7JuN11
985 242 1084 296 1556
1623 253 1696 295 351

126 351 262 400 fuisse
285 369 334 399 ac
359 369 503 416 prope
527 363 711 414 captum
747 363 944 414 utroque
969 351 1174 398 brachio:
1207 351 1277 397 cui
1306 362 1474 409 tamen,
1501 367 1555 396 ne
1586 350 1756 397 inutilis

127 438 247 474 totos
270 427 365 474 dies
388 427 565 472 ociosus
588 426 827 484 desideret,
854 425 973 472 fores
997 426 1174 489 collegii
1198 425 1505 472 obseruandas
1528 425 1753 482 dedimus3

123 503 180 549 de
204 519 297 565 quo
322 501 508 547 meliora
532 512 765 563 utcunque
791 501 1056 563 propediem
1079 500 1369 557 confidimus,
1388 517 1494 546 cum
1521 518 1545 546 a
1570 500 1753 558 balneis,

124 577 168 622 in
198 575 402 638 (Xacca)
427 574 436 599 ¹
464 574 800 632 ebullientibus,
820 576 876 621 ad
895 592 1007 638 quas
1026 575 1438 638 recuperandarum
1460 575 1627 622 uirium
1651 592 1754 639 gra-

126 651 186 696 tia
223 647 454 712 profectus
490 659 569 703 est,
612 647 810 703 redierit;
845 649 901 694 de
933 648 1060 694 cuius
1091 647 1292 711 ingenio,
1323 649 1542 711 quoniam
1578 650 1756 695 Romae

127 724 489 787 experimentum
516 721 694 778 fecistis,
723 722 866 768 multa
891 723 1039 768 dicere
1062 721 1377 784 supersedebo.

192 799 459 845 Sanctorum
483 796 512 854 ²,
555 814 721 843 nomen
754 814 779 842 a
811 797 903 852 die,
935 814 1028 860 quo
1062 810 1192 842 natus
1224 809 1313 854 est,
1347 797 1539 860 accepit,
1581 797 1652 843 vir
1691 810 1758 844 est

128 872 407 930 tricenarius,
433 883 511 917 aut
535 889 588 917 eo
614 871 822 934 amplius,
843 872 968 917 rudis
991 871 1176 934 quidem
1197 870 1606 933 grammaticalium
1628 889 1757 934 prae-

127 946 408 1009 ceptionum,
433 946 512 991 sed
539 946 792 991 christianis
818 945 1023 991 moribus
1053 961 1101 990 ac
1126 944 1375 1007 disciplinis
1409 945 1552 1007 probe
1578 946 1757 991 institu-

129 1033 217 1068 tus,
253 1021 475 1067 Versatur
505 1021 550 1066 in
580 1020 729 1066 culina
757 1036 937 1080 summa
968 1036 1075 1065 cum
1113 1019 1265 1075 laude,
1298 1031 1488 1082 propter
1517 1020 1759 1082 patientiae

128 1112 175 1140 ac
202 1094 469 1140 humilitatis
492 1110 598 1139 suae
621 1094 887 1157 quotidiana
912 1093 1138 1156 exempla.
1164 1093 1409 1139 Admissus
1433 1105 1501 1139 est
1526 1094 1569 1139 in
1596 1107 1758 1140 contu-

129 1168 338 1215 bernium
376 1179 584 1213 nostrum
618 1184 642 1212 a
671 1183 750 1212 sex
782 1166 1025 1223 mensibus,
1061 1165 1349 1211 calcariarum
1385 1168 1758 1224 extruendarum,

129 1258 323 1305 gregum
368 1241 720 1304 pascendorum,
763 1241 1001 1286 hortorum
1047 1256 1095 1285 ac
1129 1239 1363 1285 uinearum
1406 1241 1757 1288 excolendarum

131 1335 220 1363 non
247 1317 499 1380 imperitus.

197 1391 387 1437 Petrum
410 1390 732 1447 Biuonensem,
757 1389 838 1434 nisi
866 1390 961 1435 eius
989 1389 1031 1434 in
1059 1389 1186 1435 initio
1211 1387 1327 1435 facta
1351 1401 1465 1435 esset
1491 1391 1676 1448 mentio,
1703 1390 1756 1436 si-

132 1465 268 1510 lentio
310 1464 614 1527 praeterirem:
659 1465 869 1509 nondum
903 1463 1024 1510 enim
1065 1463 1110 1509 in
1142 1463 1294 1509 album
1329 1463 1528 1511 filiorum
1571 1477 1758 1511 tuorum

131 1539 297 1585 relatus
320 1550 403 1596 est,
429 1538 529 1585 licet
555 1539 634 1585 hac
668 1554 746 1602 spe
779 1539 1038 1585 ministeriis
1067 1538 1243 1602 collegii
1276 1550 1426 1585 toturn
1458 1557 1503 1586 se
1535 1541 1761 1604 mancipa-

132 1614 260 1660 uerit.
286 1615 371 1660 Sed
406 1630 565 1660 uereor
598 1631 653 1660 ne
685 1613 867 1673 frustra,
899 1631 1005 1660 cum
1037 1614 1094 1659 sit
1125 1614 1309 1677 ingenio
1341 1631 1488 1678 neque
1521 1616 1578 1662 ad
1614 1633 1764 1662 musas

133 1705 279 1749 neque
303 1688 360 1734 ad
385 1705 453 1733 res
477 1688 697 1751 gerendas
720 1688 824 1734 satis
849 1688 1053 1751 propitio
1074 1687 1104 1735 ³.

199 1761 490 1808 Eleutherius
518 1762 754 1808 Pontanus
778 1755 1124 1825 gymnasiarcha
1150 1772 1217 1808 est
1240 1762 1421 1826 collegii
1441 1764 1599 1822 nostri,
1624 1780 1765 1828 quam

133 1835 345 1897 uigilans,
375 1852 514 1900 quam
545 1836 877 1893 consideratus,
910 1853 1048 1900 quam
1081 1836 1440 1900 circumspectus
1477 1854 1526 1883 ac
1558 1837 1765 1901 diligens,

134 1910 264 1956 nouit
288 1910 437 1966 Deus;
463 1910 640 1956 difficile
665 1910 786 1956 enim
811 1922 878 1956 est
902 1927 1007 1956 eum
1034 1910 1148 1956 bene
1173 1927 1390 1973 praeesse,
1422 1911 1498 1975 qui
1527 1928 1764 1975 nunquam

134 1984 246 2030 bene
277 1984 491 2047 paruerit.
526 1985 680 2030 Docet
703 1984 859 2030 tertiae
891 1984 1039 2030 classis
1063 1983 1422 2030 adolescentulos
1454 2001 1624 2048 magno
1659 2002 1762 2031 cum

134 2060 337 2122 ipsorum
363 2057 532 2115 fructu;
557 2060 751 2122 explicat
778 2059 1033 2105 doctrinam
1065 2059 1372 2116 christianam,
1398 2060 1549 2123 pueris
1578 2061 1764 2124 quidem

133 2134 204 2179 die
230 2134 420 2192 veneris,
449 2134 555 2180 viris
579 2145 729 2180 autem
765 2150 814 2179 ac
848 2132 1115 2179 mulieribus
1147 2133 1308 2180 diebus
1338 2135 1592 2182 dominicis.
1616 2136 1767 2182 Docet

134 2219 363 2270 praeterea
411 2208 615 2272 quotidie
656 2209 774 2254 intra
807 2209 1009 2271 priuatos
1035 2209 1241 2271 ’parietes
1282 2208 1444 2256 fratres
1483 2228 1605 2269 suos,
1650 2211 1765 2257 ultra

133 2282 536 2345 grammaticorum
563 2299 758 2329 canones
784 2283 994 2329 nondum
1021 2294 1274 2345 prouectos.

199 2356 332 2402 Haec
355 2369 474 2414 sunt,
501 2357 748 2403 reuerende
773 2357 818 2402 in
846 2357 1031 2403 Christo
1059 2357 1210 2415 Pater,
1230 2359 1286 2404 de
1310 2358 1478 2422 quibus
1502 2360 1612 2406 mihi
1641 2359 1767 2406 uide-

135 2430 215 2476 bar
238 2430 403 2477 debere
429 2432 488 2478 R.
519 2432 569 2478 P.
598 2433 662 2479 T.
697 2433 935 2479 certiorem
970 2431 1136 2490 facere,
1169 2451 1223 2479 ne
1253 2434 1484 2498 ignorares
1509 2451 1625 2499 quos
1656 2451 1767 2498 qua-

135 2505 259 2550 lesue·
291 2505 456 2551 habeas
488 2505 690 2553 Biuonae
722 2506 946 2569 palmites,
979 2517 1031 2552 vt
1061 2507 1096 2553 si
1130 2506 1280 2554 minus
1305 2507 1525 2555 fructuosi
1559 2509 1768 2555 uideren-

135 2590 419 2643 tur,‘posses,
447 2578 557 2626 falce
583 2581 863 2627 admotionis
895 2594 1107 2644 paternae
1138 2595 1430 2646 expurgatos,
1457 2583 1514 2629 ad
1538 2582 1769 2629 uberiores

137 2651 313 2699 fructus
352 2671 631 2717 comparare3
675 2655 758 2713 sin,
797 2656 923 2719 quod
962 2655 1091 2712 absit,
1123 2656 1337 2713 subaridi‚
1379 2656 1768 2719 lachrymosarum

193 2798 202 2822 ¹
265 2801 474 2837 «Thermae
495 2801 752 2846 Selinuntiae;
774 2813 850 2848 quo
873 2803 1025 2838 nomine
1053 2802 1170 2838 etiarn
1190 2803 1274 2848 ipsa
1294 2804 1383 2839 urbs
1411 2803 1590 2849 Sciacca,
1620 2803 1770 2839 balneis

138 2863 284 2909 vicina,
310 2864 410 2909 apud
437 2869 584 2899 veteres
611 2868 669 2899 est
695 2865 926 2909 appellata».
955 2864 1165 2910 POLANCO‚
1194 2868 1219 2900 t.
1246 2873 1309 2910 vx,
1343 2876 1430 2912 pag.
1462 2876 1561 2911 313,
1589 2876 1623 2901 n.
1659 2876 1768 2911 1272,

140 2931 269 2962 annot.
295 2938 326 2962 1.

193 2986 210 3011 ²
266 2988 431 3025 Sanctus
465 2989 664 3033 nimirum,
695 2989 759 3035 qui
788 2989 978 3035 italensis,
1006 2999 1028 3024 a
1055 2989 1173 3025 natali
1202 2990 1344 3036 oppido
1376 2990 1490 3036 Itala,
1519 2990 1556 3025 in
1582 2990 1767 3035 epistolae

142 3051 250 3087 initio
274 3051 424 3087 dicitur.

196 3110 210 3136 ³
266 3113 327 3150 Ad
346 3123 452 3150 oram
473 3113 628 3150 chartae
650 3114 725 3150 alia
746 3125 891 3161 manus,
913 3115 1024 3151 nobis
1046 3114 1259 3162 incognita,
1282 3114 1452 3161 scripsit:
1476 3111 1672 3152 dimissus
1692 3116 1765 3152 est.
