2008 3510
756 297 807 336 30
834 283 1095 324 SEPTEMBRxs
1129 296 1226 336 1551
1687 298 1734 338 73
1743 298 1759 324 1

181 409 283 439 mus
315 403 360 438 et
389 391 593 438 solantu'r
625 391 669 438 in
702 391 922 438 Domino.
957 391 1032 437 Fit
1063 407 1169 437 cum
1206 390 1402 437 maxima
1432 391 1650 438 charitate
1681 404 1818 458 atque

180 466 372 512 utilitate
397 482 556 512 eorum
580 482 628 512 ac
649 465 1019 522 ministrantium,
1039 465 1115 529 qui
1139 465 1323 529 quidem
1345 482 1439 511 non
1458 466 1635 513 modice
1645 467 1816 531 juuan-

181 552 256 587 tur
280 552 416 605 atque
439 540 743 587 exhortantur
773 541 829 587 ad
863 540 1253 604 progrediendum
1288 540 1333 586 in
1367 552 1533 604 coepto
1568 542 1817 590 ministerio

180 632 284 662 cum
314 615 478 661 laetitia
501 632 550 662 ac
575 615 901 662 benedictione.
930 614 1156 661 Dicantur
1181 615 1236 660 ad
1258 614 1342 661 hoc
1367 615 1487 662 idem
1514 616 1816 663 ministerium

183 689 415 747 nonnulli,
441 689 520 753 qui
545 689 726 736 abunde
750 699 795 735 et
823 689 974 753 quiete
997 689 1162 752 degere
1187 699 1398 752 poterant
1424 689 1468 735 in
1493 690 1691 747 saeculo,
1717 691 1817 755 qui-

183 763 267 810 bus
290 763 506 810 omnibus
531 763 818 827 postpositis,
842 763 1048 809 seruiunt
1071 763 1117 809 in
1142 763 1397 810 humilitate
1422 781 1470 810 ac
1496 764 1691 824 solertia,
1719 766 1818 830 qui-

181 838 285 885 dam
312 854 472 884 eorum
500 838 671 884 victum
696 848 963 902 quaerentes
986 854 1069 901 per
1094 838 1226 884 vicos

247 911 430 976 Aliquis
452 928 509 958 ex
536 913 701 958 nostris
727 912 941 959 Patribus
964 911 1260 959 concionatur
1279 911 1515 976 aliquoties
1539 914 1584 960 in
1609 914 1814 978 quodam

182 986 382 1050 hospitio
416 1003 697 1050 pauperum,
731 987 788 1033 ad
823 987 948 1050 quod
988 987 1227 1033 diuertunt
1259 987 1409 1048 plures
1450 1005 1555 1034 eum
1599 989 1816 1036 audituri:

182 1061 305 1108 vnde
330 1078 422 1107 non
448 1062 683 1107 modicum
708 1072 906 1125 praestat
933 1061 1324 1107 aemolumentum
1350 1061 1519 1108 eisdem
1546 1051 1680 1127 atque
1706 1081 1819 1127 pau—

182 1135 394 1200 peribus,
432 1153 538 1182 cum
577 1136 763 1183 videant
795 1136 936 1182 oculis
965 1152 1126 1182 eorum
1158 1135 1422 1199 paenuriam
1457 1153 1505 1182 ac
1537 1137 1819 1196 charitatem,

182 1228 298 1275 quae
322 1211 367 1257 in
393 1211 501 1274 ipsis
525 1201 773 1270 exercetur,
798 1211 842 1257 in
868 1227 958 1275 qua
981 1222 1026 1257 et
1045 1211 1128 1274 ipsi
1147 1227 1193 1257 se
1218 1222 1430 1257 exercent
1454 1211 1648 1258 aliorum
1672 1212 1820 1258 imita-

184 1286 323 1344 tione,
350 1285 656 1332 ministrantes
681 1285 956 1349 pauperibus
972 1286 1226 1349 ·utriusque
1259 1282 1393 1331 sexus
1418 1285 1624 1332 homines
1650 1286 1823 1333 nobiles

184 1371 320 1424 atque
344 1360 590 1424 magnifici.

251 1434 444 1482 Vadunt
469 1433 672 1481 similiter
696 1433 740 1480 in
765 1449 964 1480 carceres
993 1434 1051 1481 ad
1076 1433 1356 1481 audiendum
1381 1432 1665 1481 confesiones
1690 1451 1820 1481 com-

185 1509 465 1573 peditorum,
485 1508 670 1555 eosdem
687 1500 883 1555 solantes
901 1520 1038 1572 atque
1055 1507 1348 1555 exhortantes
1367 1508 1424 1555 ad
1442 1525 1627 1555 ornnem
1647 1508 1822 1572 patien—

186 1585 316 1643 tiam,
342 1600 498 1648 pacem
525 1594 662 1648 atque
685 1583 1000 1631 sufferentiam
1027 1601 1083 1630 ex
1106 1585 1203 1648 ejus
1227 1583 1499 1640 imitatione,
1526 1584 1603 1647 qui
1630 1600 1715 1647 pro
1740 1583 1823 1630 illis

144 1655 149 1656 ⁷
184 1670 277 1705 tam
298 1658 493 1723 benigne
516 1658 685 1705 obtulit
711 1659 1009 1722 semetipsum
1031 1657 1374 1704 immaculatum
1395 1657 1453 1704 ad
1472 1669 1716 1715 tormenta,
1738 1657 1820 1704 fla-

185 1733 285 1798 gela
308 1745 444 1798 atque
469 1733 828 1798 ignominiosum
860 1733 1005 1780 crucis
1037 1732 1316 1797 patibulum,
1349 1745 1399 1779 ut
1434 1733 1500 1789 hi,
1533 1732 1610 1796 qui
1642 1732 1712 1778 hic
1738 1749 1822 1796 pro

185 1809 313 1855 labiis
338 1809 429 1855 suis
456 1809 724 1891 puniuntur,
745 1825 838 1855 non
862 1819 1109 1855 vereantur
1133 1808 1386 1872 gaudentes
1409 1824 1513 1854 eum
1541 1807 1721 1866 imitari,
1741 1807 1820 1871 qui

186 1894 253 1930 est
275 1883 415 1942 salus,
442 1883 533 1929 vita
558 1894 695 1947 atque
719 1900 821 1946 spes
851 1883 1062 1930 omnium
1094 1882 1306 1929 laborum
1338 1893 1627 1940 nostrorum,
1653 1893 1698 1928 et
1722 1881 1823 1927 finis

187 1970 323 2021 atque
347 1957 491 2021 gloria
515 1974 693 2004 eorum.

253 2032 386 2079 onr
409 2033 648 2097 cujusdam
676 2031 862 2091 nobilis,
889 2032 934 2077 in
959 2031 1181 2078 adulterio
1205 2031 1551 2094 comprehensa,
1577 2029 1824 2077 decolanda

188 2118 283 2153 erat
319 2107 364 2153 in
396 2107 478 2153 hac
517 2106 859 2163 haebdomada,
888 2106 1020 2171 cujus
1055 2104 1366 2152 confesionem
1405 2121 1516 2151 mox
1555 2116 1607 2150 ut
1646 2104 1825 2151 audiuit

190 2182 241 2230 P.
269 2182 584 2229 Gundisaluus
605 2182 636 2240 ¹,
661 2192 808 2228 rector
832 2193 998 2238 noster,
1023 2181 1116 2244 egit
1139 2197 1241 2228 cum
1269 2181 1370 2227 viro
1395 2180 1527 2238 illius,
1553 2190 1619 2238 ut,
1651 2180 1824 2225 monia-

191 2256 300 2302 lium
343 2257 670 2303 monasterium
714 2256 992 2320 ingrediens,
1024 2255 1160 2301 libere
1191 2272 1215 2301 a
1246 2255 1345 2301 viro
1379 2254 1680 2311 dimiteretur‚
1717 2269 1822 2299 cum

189 2341 303 2377 esset
320 2330 417 2395 jam
443 2331 486 2377 in
508 2342 642 2394 porta
660 2330 862 2387 carceris,
881 2346 987 2376 cum
1008 2340 1227 2393 apparatu
1246 2329 1303 2375 ad
1322 2328 1595 2391 supplicium
1617 2337 1771 2390 parata
1791 2326 1821 2374 ².

254 2404 556 2452 Conueniunt
580 2405 734 2468 plures
758 2404 884 2451 domi
910 2415 1061 2450 nostre
1086 2405 1143 2451 ad
1172 2404 1350 2450 solitam
1382 2402 1684 2466 frequentiam
1708 2419 1821 2448 con-

191 2477 379 2526 fesionis
402 2491 447 2526 et
470 2479 756 2526 comunionis
779 2479 824 2524 in
849 2478 1010 2525 diebus
1034 2479 1272 2542 praecipue
1292 2477 1503 2524 faestiuis.
1533 2478 1586 2523 In
1611 2477 1683 2523 die
1708 2477 1821 2522 nati-

194 2554 347 2599 uitatis
368 2553 582 2600 dominae
603 2564 782 2599 nostrae
801 2553 1060 2599 audiuimus
1075 2553 1130 2600 ad
1146 2554 1378 2616 sexaginta
1396 2551 1691 2610 confesiones,
1707 2569 1822 2615 quae

194 2628 503 2673 sanctisimum
531 2627 823 2673 eucharistiae
847 2639 1178 2674 sacramentum
1206 2638 1472 2691 receperunt
1495 2642 1598 2672 cum
1626 2626 1823 2672 maxima

194 2700 503 2747 aedificatione
517 2701 741 2758 omnium,
759 2718 807 2747 ac
826 2701 1071 2748 deuotione
1086 2714 1130 2748 et
1142 2702 1334 2748 vtilitate
1349 2701 1603 2747 animarum
1621 2717 1819 2746 suarum.

248 2908 260 2934 ¹
319 2910 358 2946 P.
378 2910 548 2946 Joannes
569 2908 774 2946 Gonzalez.
799 2909 900 2946 «Sex
924 2910 984 2946 vel
1011 2913 1158 2956 septem
1186 2911 1234 2946 de
1262 2909 1456 2946 societate
1477 2912 1609 2944 nostra
1629 2908 1667 2943 in
1688 2907 1824 2944 Colle-

195 2973 259 3020 gio
282 2973 566 3009 Vallisoletano
587 2972 661 3008 hoc
682 2982 782 3008 anno
798 2972 1029 3018 residebant,
1047 2983 1092 3008 ex
1107 2973 1246 3019 quibus
1262 2972 1371 3008 initio
1393 2976 1481 3016 tres,
1502 2971 1640 3006 deinde
1661 2975 1823 3017 quatuor

194 3036 416 3072 sacerdotes
444 3034 613 3080 fuerunt;
646 3045 807 3081 quorum
838 3039 953 3081 caput
978 3035 1018 3072 P.
1044 3036 1212 3072 Joannes
1242 3035 1474 3072 Gonzalez».
1506 3035 1711 3080 POLANCO,
1732 3038 1756 3070 t.
1780 3042 1820 3079 11,

196 3109 283 3144 pag.
304 3109 393 3145 319,
416 3108 451 3134 n.
473 3098 562 3144 308.

251 3157 267 3183 2
322 3160 427 3197 Haec
446 3160 646 3207 usurpavit
667 3160 767 3196 idern
787 3160 992 3207 POLANCO,
1012 3157 1039 3198 l.
1060 3171 1107 3208 c.,
1127 3171 1214 3208 pag.
1235 3171 1325 3207 322,
1347 3170 1383 3196 n.
1402 3160 1494 3207 318.
