2008 3510
293 240 368 280 532
757 227 992 267 EPISTonAE
1020 227 1350 265 M1xTAE—1218

985 404 1128 439 1219

803 499 1063 537 ADRIANUS
1091 499 1304 538 ADRIANI

650 586 864 632 PATRI
898 586 1157 646 JACOBO
1193 586 1455 634 LAINEZ

697 690 876 716 LOVANIO
907 679 956 716 28
985 689 1216 717 NOVEMBms
1250 681 1350 729 1556
1379 679 1410 720 ¹.

235 787 276 824 P.
292 786 547 823 Rivadeneira
562 797 650 823 cum
669 786 775 823 socio
795 786 1000 822 Francisco
1022 786 1180 822 Giraldo
1201 790 1238 822 et
1255 787 1411 822 doctore
1430 786 1576 823 Jacobo
1599 788 1646 823 de
1666 787 1866 834 Ledesma,

290 850 525 887 Societatem
554 850 722 895 ineunte,
749 848 911 885 Romam
937 848 1413 897 proficiscitur.—Locum
1439 850 1535 886 socii
1554 850 1799 887 lovanienses
1818 851 1868 887 ad

289 912 458 948 futurum
474 912 682 958 collegium
697 911 1164 957 conquirunt.——Ornatur
1180 912 1377 958 templum;
1398 916 1583 958 parantur
1598 913 1871 951 conciones.—

287 976 421 1012 Novus
441 975 647 1021 episcopus
668 974 948 1010 cameracensis
968 975 1172 1012 salutatur.

1041 1078 1063 1113 †

1000 1115 1102 1175 Jhs.

300 1215 396 1261 Pax
426 1214 595 1261 Christi
639 1214 889 1260 nobiscum.
929 1214 1213 1261 Venerabilis
1254 1215 1299 1261 in
1341 1213 1429 1262 X.⁰
1453 1216 1604 1262 Pater.
1647 1213 1870 1261 Postridie

234 1290 339 1337 diue
358 1290 569 1337 Catarine
592 1289 893 1335 discesserunt
919 1288 1022 1335 hinc
1050 1289 1251 1335 Romam
1277 1306 1434 1336 versus
1461 1289 1614 1336 Rdus.
1635 1288 1684 1335 P.
1706 1288 1870 1335 Petrus

236 1364 550 1426 Ribadineyra
572 1380 679 1410 curn
703 1380 786 1409 suo
816 1363 932 1409 sotio
959 1364 1198 1410 Francisco
1216 1363 1234 1397 ²·
1257 1375 1302 1410 et
1326 1381 1450 1410 nouo
1473 1362 1702 1410 confratre
1727 1363 1869 1427 magi-

234 1451 328 1485 stro
354 1438 578 1485 Ledesma
597 1437 628 1495 ³,
646 1438 747 1484 viro
767 1437 891 1483 haud
910 1438 1200 1485 mediocriter
1217 1439 1371 1497 docto,
1392 1438 1654 1502 habentque
1674 1447 1871 1501 quatuor

233 1514 436 1571 comites,
470 1524 516 1559 et
549 1529 708 1559 omnes
743 1523 850 1558 sunt
884 1513 1073 1576 equites,
1112 1513 1343 1559 Dominus
1375 1513 1510 1573 Jesus
1547 1513 1762 1575 dignetur
1795 1527 1871 1557 eos

233 1588 443 1651 dirigere,
467 1585 711 1633 defendere
735 1598 780 1632 et
804 1587 1031 1633 custodire
1056 1588 1101 1633 in
1126 1587 1355 1634 omnibuS.

299 1661 441 1723 Quod
467 1660 524 1707 ad
543 1677 626 1706 nos
649 1660 823 1716 attinet,
845 1676 1083 1706 manemus
1107 1660 1152 1706 in
1171 1661 1396 1707 consuetis
1415 1661 1655 1718 exercitiis,
1674 1659 1753 1706 sed
1778 1675 1870 1705 non

233 1751 398 1799 parum
439 1733 700 1780 laboramus
734 1745 785 1780 vt
817 1734 1115 1781 commodum
1147 1735 1298 1781 locum
1329 1735 1553 1799 eligamus
1589 1752 1675 1798 pro
1711 1732 1872 1780 futuro

235 1820 392 1855 nostro
429 1808 620 1872 collegio
646 1807 673 1855 ⁴.
718 1808 973 1855 Offerimus
1003 1825 1088 1872 pro
1117 1810 1320 1874 quodam
1362 1810 1461 1856 loco
1501 1810 1707 1874 quinque
1749 1807 1871 1854 milia

235 1882 516 1930 florenorum
540 1882 693 1939 semel,
719 1894 763 1928 et
799 1882 880 1928 nisi
905 1882 1027 1928 aliud
1060 1883 1292 1946 impediat,
1318 1884 1471 1947 potius
1510 1883 1759 1930 offeremus
1793 1898 1871 1928 sex

237 1957 375 2005 milia.
959 1962 962 1966 ’

300 2031 460 2077 Tertia
491 2028 984 2093 parochialisecclesia,
1015 2031 1061 2076 in
1096 2047 1186 2095 qua
1213 2032 1313 2095 jam
1347 2031 1586 2095 aliquoties
1616 2031 1870 2078 concionati

164 2150 177 2161 ,
235 2123 407 2163 sumus,
436 2105 534 2169 jam
565 2116 694 2168 parat
722 2105 859 2151 altare
884 2104 1149 2151 venerabilis
1185 2106 1451 2152 sacramenti
1488 2123 1573 2170 pro
1612 2106 1870 2152 communi·
1905 2105 1907 2108 ’

290 2270 303 2294 ¹
362 2271 419 2307 Ex
440 2269 682 2316 autographo
703 2269 741 2304 in
761 2269 836 2305 vol.
858 2269 900 2315 F,
923 2269 1064 2316 duplici
1087 2270 1191 2316 folio,
1213 2281 1249 2307 n.
1270 2281 1360 2317 324,
1380 2271 1485 2317 prius
1507 2279 1598 2318 251.

290 2331 306 2357 2
361 2333 568 2370 Francisco
589 2332 762 2369 Girald0.

290 2394 305 2420 ³
360 2397 507 2433 Jacobo
536 2396 582 2432 de
613 2394 812 2439 Ledesma,
843 2395 889 2430 de
919 2405 995 2441 quo
1022 2395 1225 2431 videantur
1254 2395 1399 2442 passim
1429 2399 1562 2432 nostra
1595 2394 1871 2431 MONUMENTA

236 2459 545 2496 PAEDAGOGICA.
569 2457 630 2493 Ad
648 2457 750 2492 hunc
770 2467 862 2492 vero
883 2469 1025 2494 annum
1047 2462 1223 2504 spectant
1245 2470 1343 2506 quae
1364 2460 1410 2495 de
1432 2460 1497 2495 illo
1528 2459 1643 2508 tradit
1661 2459 1869 2503 POLANCO,

236 2525 262 2558 t.
283 2530 344 2567 VI,
364 2532 451 2567 pag.
473 2530 562 2568 449,
585 2530 621 2556 n.
646 2529 759 2566 1924,
784 2528 901 2567 1925.

292 2579 306 2604 4
365 2582 555 2618 «Litterae
586 2584 761 2627 patentes
789 2581 990 2617 erectionis
1017 2582 1268 2629 collegiorum
1298 2583 1336 2618 in
1367 2583 1500 2629 Belgio
1525 2582 1607 2620 16.a
1632 2581 1869 2628 Septembris

238 2645 439 2698 expeditae
459 2644 644 2681 fuerunt.»
668 2643 882 2688 POLANCO,
909 2647 934 2681 t.
955 2652 1012 2689 VI,
1041 2655 1129 2690 pag.
1148 2655 1238 2692 447,
1261 2656 1296 2682 n.
1322 2654 1437 2693 1915.
1459 2645 1544 2692 Qua
1570 2645 1610 2680 in
1641 2654 1693 2690 re,
1715 2643 1868 2680 tametsi

238 2707 440 2753 diligenter
461 2717 483 2742 a
502 2705 643 2742 nostris
663 2705 799 2740 amicis
818 2705 1087 2743 adlaboratum
1105 2710 1173 2752 est,
1190 2718 1378 2752 summam
1400 2713 1527 2743 tamen
1544 2707 1687 2754 negotii
1710 2707 1867 2753 ejusque

239 2767 391 2804 felicem
412 2768 555 2804 exitum
574 2766 694 2803 nostri
722 2777 872 2813 semper
891 2768 1040 2814 Ignatio
1068 2770 1278 2806 retulerunt
1298 2774 1513 2816 acceptum,
1535 2772 1632 2805 teste
1657 2768 1883 2813 POLANCO„

238 2835 265 2868 t.
283 2839 341 2877 VI,
362 2841 449 2877 pag.
470 2831 560 2875 448,
581 2840 616 2867 n.
642 2839 756 2876 1923:
781 2830 890 2866 «Non
910 2830 1085 2868 omittam
1105 2833 1208 2879 quod
1234 2832 1397 2869 facultas
1432 2832 1602 2879 erigendi
1631 2829 1686 2880 [in
1716 2827 1868 2878 Belgio]

239 2893 455 2939 collegia...,
476 2893 679 2938 impetrata
700 2891 770 2927 fuit
789 2892 905 2938 paulo
924 2897 1012 2938 post
1026 2904 1220 2931 recessum
1241 2895 1281 2933 P.
1295 2894 1435 2941 Ignatii
1456 2905 1503 2930 ex
1522 2894 1596 2930 hac
1613 2893 1704 2939 vita;
1723 2895 1760 2928 et
1779 2901 1867 2928 cum

238 2958 386 3001 septem
406 2954 598 2993 mensibus
617 2953 657 2989 in
675 2962 721 2988 eo
736 2953 891 2999 negotio
910 2954 948 2991 P.
966 2954 1233 3004 Ribadeneyra
1252 2957 1451 3003 haesisset,
1469 2959 1505 2993 et
1519 2956 1675 2992 tandem
1691 2954 1773 3002 15.a
1791 2953 1868 2990 Au-

239 3004 341 3064 gusti
360 3022 421 3054 res
441 3016 575 3053 fuisset
594 3016 809 3071 impetrata,
830 3017 1073 3054 adscribebat
1092 3019 1156 3055 ille
1182 3020 1377 3066 suffragiis
1397 3020 1436 3056 P.
1458 3019 1596 3066 Ignatii
1628 3016 1873 3067 impetratio--

240 3090 327 3116 nem
347 3080 457 3126 hanc,
479 3079 543 3125 qui
563 3079 698 3115 ultimo
718 3078 778 3114 die
798 3078 889 3115 Julii
907 3080 1171 3126 praecedentis
1191 3081 1239 3117 ad
1258 3081 1467 3118 Dominum
1488 3081 1757 3127 migraverat.»
