<?xml version="1.0" encoding="UTF-8"?>
<!DOCTYPE html PUBLIC "-//W3C//DTD XHTML 1.0 Transitional//EN"
    "http://www.w3.org/TR/xhtml1/DTD/xhtml1-transitional.dtd">
<html xmlns="http://www.w3.org/1999/xhtml" xml:lang="en" lang="en">
 <head>
  <title>
</title>
<meta http-equiv="Content-Type" content="text/html;charset=utf-8" />
  <meta name='ocr-system' content='tesseract 3.04.00' />
  <meta name='ocr-capabilities' content='ocr_page ocr_carea ocr_par ocr_line ocrx_word'/>
</head>
<body>
  <div class='ocr_page' id='page_1' title='image "./epistolaemixtaee05matruoft_0304.png"; bbox 0 0 2014 3528; ppageno 0'>
   <div class='ocr_carea' id='block_1_1' title="bbox 292 276 1355 328">
    <p class='ocr_par' dir='ltr' id='par_1_1' title="bbox 292 276 1355 328">
     <span class='ocr_line' id='line_1_1' title="bbox 292 276 1355 328; baseline -0.001 -13"><span class='ocrx_word' id='word_1_1' title='bbox 292 278 367 328; x_wconf 79' lang='lat'>298</span> <span class='ocrx_word' id='word_1_2' title='bbox 754 276 992 314; x_wconf 73' lang='lat' dir='ltr'>EmsToLAE</span> <span class='ocrx_word' id='word_1_3' title='bbox 1023 277 1270 315; x_wconf 69' lang='lat' dir='ltr'>M1xTAu--1</span> <span class='ocrx_word' id='word_1_4' title='bbox 1282 276 1355 316; x_wconf 87' lang='lat'>128</span> 
     </span>
    </p>
   </div>
   <div class='ocr_carea' id='block_1_2' title="bbox 237 381 1878 892">
    <p class='ocr_par' dir='ltr' id='par_1_2' title="bbox 237 381 1878 892">
     <span class='ocr_line' id='line_1_2' title="bbox 240 381 1875 446; baseline 0.001 -17"><span class='ocrx_word' id='word_1_5' title='bbox 240 384 386 429; x_wconf 83' lang='lat' dir='ltr'>midos</span> <span class='ocrx_word' id='word_1_6' title='bbox 411 399 494 445; x_wconf 88' lang='lat' dir='ltr'>por</span> <span class='ocrx_word' id='word_1_7' title='bbox 520 382 559 427; x_wconf 89' lang='lat' dir='ltr'>la</span> <span class='ocrx_word' id='word_1_8' title='bbox 591 398 752 446; x_wconf 86' lang='lat' dir='ltr'>sangre</span> <span class='ocrx_word' id='word_1_9' title='bbox 783 381 839 428; x_wconf 88' lang='lat' dir='ltr'>de</span> <span class='ocrx_word' id='word_1_10' title='bbox 873 382 985 443; x_wconf 88' lang='lat' dir='ltr'>Jesu</span> <span class='ocrx_word' id='word_1_11' title='bbox 1029 382 1215 429; x_wconf 78' lang='lat' dir='ltr'>Christo</span> <span class='ocrx_word' id='word_1_12' title='bbox 1259 393 1443 429; x_wconf 88' lang='lat' dir='ltr'>nuestro</span> <span class='ocrx_word' id='word_1_13' title='bbox 1484 388 1637 441; x_wconf 80' lang='lat' dir='ltr'>sefior3</span> <span class='ocrx_word' id='word_1_14' title='bbox 1671 400 1696 446; x_wconf 93' lang='lat' dir='ltr'><strong>y</strong></span> <span class='ocrx_word' id='word_1_15' title='bbox 1725 382 1875 430; x_wconf 86' lang='lat' dir='ltr'>confio</span> 
     </span>
     <span class='ocr_line' id='line_1_3' title="bbox 237 456 1876 521; baseline 0.001 -18"><span class='ocrx_word' id='word_1_16' title='bbox 237 460 334 503; x_wconf 67' lang='lat' dir='ltr'>sera</span> <span class='ocrx_word' id='word_1_17' title='bbox 359 457 473 515; x_wconf 80' lang='lat' dir='ltr'>ansi,</span> <span class='ocrx_word' id='word_1_18' title='bbox 502 457 697 519; x_wconf 83' lang='lat' dir='ltr'>siempre</span> <span class='ocrx_word' id='word_1_19' title='bbox 732 473 821 520; x_wconf 88' lang='lat' dir='ltr'>que</span> <span class='ocrx_word' id='word_1_20' title='bbox 847 456 1077 502; x_wconf 88' lang='lat' dir='ltr'>fielmente</span> <span class='ocrx_word' id='word_1_21' title='bbox 1109 457 1439 503; x_wconf 79' lang='lat' dir='ltr'>cami&#39;naremos</span> <span class='ocrx_word' id='word_1_22' title='bbox 1471 475 1555 521; x_wconf 87' lang='lat' dir='ltr'>por</span> <span class='ocrx_word' id='word_1_23' title='bbox 1580 469 1671 504; x_wconf 88' lang='lat' dir='ltr'>este</span> <span class='ocrx_word' id='word_1_24' title='bbox 1696 459 1876 504; x_wconf 83' lang='lat' dir='ltr'>camino</span> 
     </span>
     <span class='ocr_line' id='line_1_4' title="bbox 238 529 1877 597; baseline 0.001 -20"><span class='ocrx_word' id='word_1_25' title='bbox 238 532 295 577; x_wconf 87' lang='lat' dir='ltr'>de</span> <span class='ocrx_word' id='word_1_26' title='bbox 323 543 525 576; x_wconf 85' lang='lat' dir='ltr'>nuestras</span> <span class='ocrx_word' id='word_1_27' title='bbox 553 529 712 593; x_wconf 81' lang='lat' dir='ltr'>regla8‚</span> <span class='ocrx_word' id='word_1_28' title='bbox 749 548 861 594; x_wconf 88' lang='lat' dir='ltr'>pues</span> <span class='ocrx_word' id='word_1_29' title='bbox 897 548 982 594; x_wconf 90' lang='lat' dir='ltr'>por</span> <span class='ocrx_word' id='word_1_30' title='bbox 1013 532 1297 595; x_wconf 70' lang='lat' dir='ltr'>experiencia</span> <span class='ocrx_word' id='word_1_31' title='bbox 1331 549 1489 579; x_wconf 86' lang='lat' dir='ltr'>vernos</span> <span class='ocrx_word' id='word_1_32' title='bbox 1524 535 1647 597; x_wconf 70' lang='lat' dir='ltr'>quan</span> <span class='ocrx_word' id='word_1_33' title='bbox 1671 533 1807 593; x_wconf 82' lang='lat' dir='ltr'>cierta</span> <span class='ocrx_word' id='word_1_34' title='bbox 1830 550 1877 580; x_wconf 93' lang='grc'>63</span> 
     </span>
     <span class='ocr_line' id='line_1_5' title="bbox 239 602 1878 670; baseline 0.002 -20"><span class='ocrx_word' id='word_1_35' title='bbox 239 606 277 651; x_wconf 88' lang='grc'>13</span> <span class='ocrx_word' id='word_1_36' title='bbox 302 605 451 669; x_wconf 72' lang='lat' dir='ltr'>gracia</span> <span class='ocrx_word' id='word_1_37' title='bbox 478 605 533 651; x_wconf 91' lang='lat' dir='ltr'>de</span> <span class='ocrx_word' id='word_1_38' title='bbox 558 622 608 650; x_wconf 89' lang='lat' dir='ltr'>su</span> <span class='ocrx_word' id='word_1_39' title='bbox 646 602 779 650; x_wconf 88' lang='lat' dir='ltr'>fauor</span> <span class='ocrx_word' id='word_1_40' title='bbox 803 623 830 668; x_wconf 93' lang='lat' dir='ltr'>y</span> <span class='ocrx_word' id='word_1_41' title='bbox 860 606 1010 668; x_wconf 87' lang='lat' dir='ltr'>ayuda</span> <span class='ocrx_word' id='word_1_42' title='bbox 1041 608 1066 652; x_wconf 72' lang='lat' dir='ltr'>a</span> <span class='ocrx_word' id='word_1_43' title='bbox 1092 606 1156 652; x_wconf 90' lang='lat' dir='ltr'>los</span> <span class='ocrx_word' id='word_1_44' title='bbox 1198 623 1287 670; x_wconf 91' lang='lat' dir='ltr'>que</span> <span class='ocrx_word' id='word_1_45' title='bbox 1333 623 1417 669; x_wconf 84' lang='lat' dir='ltr'>por</span> <span class='ocrx_word' id='word_1_46' title='bbox 1447 607 1551 653; x_wconf 89' lang='grc'><strong>61133</strong></span> <span class='ocrx_word' id='word_1_47' title='bbox 1587 608 1714 653; x_wconf 86' lang='lat' dir='ltr'>hasta</span> <span class='ocrx_word' id='word_1_48' title='bbox 1739 608 1878 654; x_wconf 89' lang='lat' dir='ltr'>ahora</span> 
     </span>
     <span class='ocr_line' id='line_1_6' title="bbox 239 680 1876 744; baseline 0.001 -18"><span class='ocrx_word' id='word_1_49' title='bbox 239 681 326 726; x_wconf 83' lang='lat' dir='ltr'>han</span> <span class='ocrx_word' id='word_1_50' title='bbox 353 680 608 737; x_wconf 68' lang='lat' dir='ltr'>camimdo,</span> <span class='ocrx_word' id='word_1_51' title='bbox 639 696 746 743; x_wconf 88' lang='lat' dir='ltr'>para</span> <span class='ocrx_word' id='word_1_52' title='bbox 790 680 832 725; x_wconf 96' lang='grc'><strong>10</strong></span> <span class='ocrx_word' id='word_1_53' title='bbox 863 680 969 744; x_wconf 86' lang='lat' dir='ltr'>qual</span> <span class='ocrx_word' id='word_1_54' title='bbox 999 680 1223 744; x_wconf 79' lang='lat' dir='ltr'>pedimos,</span> <span class='ocrx_word' id='word_1_55' title='bbox 1265 697 1399 743; x_wconf 81' lang='lat' dir='ltr'>corno</span> <span class='ocrx_word' id='word_1_56' title='bbox 1423 681 1633 744; x_wconf 83' lang='lat' dir='ltr'>siempre,</span> <span class='ocrx_word' id='word_1_57' title='bbox 1668 682 1707 727; x_wconf 92' lang='lat' dir='ltr'>el</span> <span class='ocrx_word' id='word_1_58' title='bbox 1733 682 1876 728; x_wconf 80' lang='lat' dir='ltr'>conti-</span> 
     </span>
     <span class='ocr_line' id='line_1_7' title="bbox 239 745 1877 817; baseline 0.002 -17"><span class='ocrx_word' id='word_1_59' title='bbox 239 772 332 800; x_wconf 89' lang='lat' dir='ltr'>nuo</span> <span class='ocrx_word' id='word_1_60' title='bbox 366 771 553 801; x_wconf 88' lang='lat' dir='ltr'>socorro</span> <span class='ocrx_word' id='word_1_61' title='bbox 585 755 641 801; x_wconf 89' lang='lat' dir='ltr'>de</span> <span class='ocrx_word' id='word_1_62' title='bbox 683 754 745 800; x_wconf 88' lang='grc'>133</span> <span class='ocrx_word' id='word_1_63' title='bbox 785 755 1019 800; x_wconf 79' lang='lat' dir='ltr'>oraciones</span> <span class='ocrx_word' id='word_1_64' title='bbox 1060 755 1116 801; x_wconf 88' lang='lat' dir='ltr'>de</span> <span class='ocrx_word' id='word_1_65' title='bbox 1156 755 1216 802; x_wconf 89' lang='lat' dir='ltr'>V.</span> <span class='ocrx_word' id='word_1_66' title='bbox 1261 745 1314 802; x_wconf 88' lang='lat' dir='ltr'>P.</span> <span class='ocrx_word' id='word_1_67' title='bbox 1358 755 1432 801; x_wconf 92' lang='lat' dir='ltr'>De</span> <span class='ocrx_word' id='word_1_68' title='bbox 1469 755 1686 802; x_wconf 76' lang='lat' dir='ltr'>Cordoua</span> <span class='ocrx_word' id='word_1_69' title='bbox 1722 770 1777 817; x_wconf 88' lang='lat'>27</span> <span class='ocrx_word' id='word_1_70' title='bbox 1820 757 1877 803; x_wconf 86' lang='lat' dir='ltr'>de</span> 
     </span>
     <span class='ocr_line' id='line_1_8' title="bbox 239 828 1515 892; baseline 0.001 -17"><span class='ocrx_word' id='word_1_71' title='bbox 239 829 375 875; x_wconf 84' lang='lat' dir='ltr'>Abril</span> <span class='ocrx_word' id='word_1_72' title='bbox 409 829 541 891; x_wconf 82' lang='lat'><strong>1556.</strong></span> <span class='ocrx_word' id='word_1_73' title='bbox 570 829 644 875; x_wconf 89' lang='lat' dir='ltr'>De</span> <span class='ocrx_word' id='word_1_74' title='bbox 669 828 727 878; x_wconf 94' lang='lat' dir='ltr'>V.</span> <span class='ocrx_word' id='word_1_75' title='bbox 758 828 810 877; x_wconf 90' lang='lat' dir='ltr'>P.</span> <span class='ocrx_word' id='word_1_76' title='bbox 836 828 1029 892; x_wconf 76' lang='lat' dir='ltr'>indigno</span> <span class='ocrx_word' id='word_1_77' title='bbox 1054 829 1203 875; x_wconf 83' lang='lat' dir='ltr'>sieruo</span> <span class='ocrx_word' id='word_1_78' title='bbox 1229 846 1283 875; x_wconf 88' lang='lat' dir='ltr'>en</span> <span class='ocrx_word' id='word_1_79' title='bbox 1313 828 1515 888; x_wconf 79' lang='lat' dir='ltr'>Christo,</span> 
     </span>
    </p>
   </div>
   <div class='ocr_carea' id='block_1_3' title="bbox 1494 911 1677 970">
    <p class='ocr_par' dir='ltr' id='par_1_3' title="bbox 1494 911 1677 970">
     <span class='ocr_line' id='line_1_9' title="bbox 1494 911 1677 970; baseline 0.011 -13"><span class='ocrx_word' id='word_1_80' title='bbox 1494 911 1677 970; x_wconf 66' lang='lat' dir='ltr'><strong>PLAQA.</strong></span> 
     </span>
    </p>
   </div>
   <div class='ocr_carea' id='block_1_4' title="bbox 239 1010 1880 1223">
    <p class='ocr_par' dir='ltr' id='par_1_4' title="bbox 239 1010 1880 1223">
     <span class='ocr_line' id='line_1_10' title="bbox 303 1010 1877 1073; baseline 0.003 -18"><span class='ocrx_word' id='word_1_81' title='bbox 303 1010 557 1073; x_wconf 84' lang='lat' dir='ltr'><em>Inscriptio:</em></span> <span class='ocrx_word' id='word_1_82' title='bbox 599 1010 700 1071; x_wconf 81' lang='lat' dir='ltr'>Jhs,</span> <span class='ocrx_word' id='word_1_83' title='bbox 745 1013 807 1058; x_wconf 84' lang='lat' dir='ltr'>Al</span> <span class='ocrx_word' id='word_1_84' title='bbox 852 1013 944 1059; x_wconf 81' lang='lat' dir='ltr'>mui</span> <span class='ocrx_word' id='word_1_85' title='bbox 990 1013 1116 1060; x_wconf 86' lang='lat' dir='ltr'><strong>Rd0.</strong></span> <span class='ocrx_word' id='word_1_86' title='bbox 1166 1013 1313 1060; x_wconf 88' lang='lat' dir='ltr'>Padre</span> <span class='ocrx_word' id='word_1_87' title='bbox 1353 1024 1539 1059; x_wconf 87' lang='lat' dir='ltr'>nuestro</span> <span class='ocrx_word' id='word_1_88' title='bbox 1580 1030 1637 1059; x_wconf 88' lang='lat' dir='ltr'>en</span> <span class='ocrx_word' id='word_1_89' title='bbox 1677 1013 1877 1070; x_wconf 85' lang='lat' dir='ltr'>Christo,</span> 
     </span>
     <span class='ocr_line' id='line_1_11' title="bbox 239 1085 1880 1151; baseline 0.002 -22"><span class='ocrx_word' id='word_1_90' title='bbox 239 1095 424 1130; x_wconf 89' lang='lat' dir='ltr'>nuestro</span> <span class='ocrx_word' id='word_1_91' title='bbox 467 1085 516 1131; x_wconf 91' lang='lat' dir='ltr'>P.</span> <span class='ocrx_word' id='word_1_92' title='bbox 552 1085 700 1132; x_wconf 87' lang='lat' dir='ltr'>Mtro.</span> <span class='ocrx_word' id='word_1_93' title='bbox 738 1087 927 1150; x_wconf 73' lang='lat' dir='ltr'>Ignacio</span> <span class='ocrx_word' id='word_1_94' title='bbox 958 1088 1015 1134; x_wconf 88' lang='lat' dir='ltr'>de</span> <span class='ocrx_word' id='word_1_95' title='bbox 1046 1087 1238 1150; x_wconf 91' lang='lat' dir='ltr'>Loyola,</span> <span class='ocrx_word' id='word_1_96' title='bbox 1273 1087 1504 1151; x_wconf 75' lang='lat' dir='ltr'>preposito</span> <span class='ocrx_word' id='word_1_97' title='bbox 1538 1087 1718 1150; x_wconf 83' lang='lat' dir='ltr'>general</span> <span class='ocrx_word' id='word_1_98' title='bbox 1751 1088 1807 1134; x_wconf 88' lang='lat' dir='ltr'>de</span> <span class='ocrx_word' id='word_1_99' title='bbox 1840 1087 1880 1133; x_wconf 89' lang='lat' dir='ltr'>la</span> 
     </span>
     <span class='ocr_line' id='line_1_12' title="bbox 239 1159 1876 1223; baseline 0.001 -18"><span class='ocrx_word' id='word_1_100' title='bbox 239 1159 502 1223; x_wconf 73' lang='lat' dir='ltr'>Compaffia</span> <span class='ocrx_word' id='word_1_101' title='bbox 526 1160 582 1207; x_wconf 89' lang='lat' dir='ltr'>de</span> <span class='ocrx_word' id='word_1_102' title='bbox 605 1161 754 1221; x_wconf 77' lang='lat' dir='ltr'>Jesfis.</span> <span class='ocrx_word' id='word_1_103' title='bbox 788 1162 952 1209; x_wconf 86' lang='lat' dir='ltr'>Roma.</span> <span class='ocrx_word' id='word_1_104' title='bbox 977 1163 1084 1208; x_wconf 79' lang='lat' dir='ltr'>Alia</span> <span class='ocrx_word' id='word_1_105' title='bbox 1109 1179 1257 1209; x_wconf 83' lang='lat' dir='ltr'>manu:</span> <span class='ocrx_word' id='word_1_106' title='bbox 1289 1162 1388 1208; x_wconf 79' lang='lat' dir='ltr'>R.da</span> <span class='ocrx_word' id='word_1_107' title='bbox 1413 1164 1438 1208; x_wconf 76' lang='lat' dir='ltr'>a</span> <span class='ocrx_word' id='word_1_108' title='bbox 1463 1161 1528 1207; x_wconf 91' lang='lat' dir='ltr'>los</span> <span class='ocrx_word' id='word_1_109' title='bbox 1556 1164 1611 1208; x_wconf 84' lang='lat'>28</span> <span class='ocrx_word' id='word_1_110' title='bbox 1639 1162 1695 1208; x_wconf 87' lang='lat' dir='ltr'>de</span> <span class='ocrx_word' id='word_1_111' title='bbox 1719 1160 1876 1222; x_wconf 81' lang='lat' dir='ltr'>Junio.</span> 
     </span>
    </p>
   </div>
   <div class='ocr_carea' id='block_1_5' title="bbox 802 1356 1310 1481">
    <p class='ocr_par' dir='ltr' id='par_1_5' title="bbox 802 1356 1310 1481">
     <span class='ocr_line' id='line_1_13' title="bbox 988 1356 1129 1391; baseline 0 -1"><span class='ocrx_word' id='word_1_112' title='bbox 988 1357 1014 1390; x_wconf 86' lang='lat'>1</span> <span class='ocrx_word' id='word_1_113' title='bbox 1025 1357 1051 1390; x_wconf 87' lang='lat'>1</span> <span class='ocrx_word' id='word_1_114' title='bbox 1060 1356 1129 1391; x_wconf 65' lang='lat'>728</span> 
     </span>
     <span class='ocr_line' id='line_1_14' title="bbox 802 1443 1310 1481; baseline 0.006 -3"><span class='ocrx_word' id='word_1_115' title='bbox 802 1443 1028 1481; x_wconf 92' lang='lat' dir='ltr'>DIDACUS</span> <span class='ocrx_word' id='word_1_116' title='bbox 1059 1443 1310 1481; x_wconf 89' lang='lat' dir='ltr'>CARRILLO</span> 
     </span>
    </p>
   </div>
   <div class='ocr_carea' id='block_1_6' title="bbox 553 1529 1566 1579">
    <p class='ocr_par' dir='ltr' id='par_1_6' title="bbox 553 1529 1566 1579">
     <span class='ocr_line' id='line_1_15' title="bbox 553 1529 1566 1579; baseline 0.004 -4"><span class='ocrx_word' id='word_1_117' title='bbox 553 1530 766 1576; x_wconf 89' lang='lat' dir='ltr'>PATRI</span> <span class='ocrx_word' id='word_1_118' title='bbox 807 1529 1107 1577; x_wconf 91' lang='lat' dir='ltr'>IGNATIO</span> <span class='ocrx_word' id='word_1_119' title='bbox 1145 1531 1240 1578; x_wconf 91' lang='lat' dir='ltr'>DE</span> <span class='ocrx_word' id='word_1_120' title='bbox 1277 1531 1566 1579; x_wconf 90' lang='lat' dir='ltr'><strong>LOYOLA</strong></span> 
     </span>
    </p>
   </div>
   <div class='ocr_carea' id='block_1_7' title="bbox 719 1614 1398 1667">
    <p class='ocr_par' dir='ltr' id='par_1_7' title="bbox 719 1614 1398 1667">
     <span class='ocr_line' id='line_1_16' title="bbox 719 1614 1398 1667; baseline 0.004 -16"><span class='ocrx_word' id='word_1_121' title='bbox 719 1625 938 1653; x_wconf 84' lang='lat' dir='ltr'>COMPLUTO</span> <span class='ocrx_word' id='word_1_122' title='bbox 970 1614 1019 1653; x_wconf 90' lang='lat'>28</span> <span class='ocrx_word' id='word_1_123' title='bbox 1049 1627 1203 1654; x_wconf 77' lang='lat' dir='ltr'>APRILIS</span> <span class='ocrx_word' id='word_1_124' title='bbox 1237 1617 1336 1667; x_wconf 85' lang='lat'>1556</span> <span class='ocrx_word' id='word_1_125' title='bbox 1366 1615 1398 1654; x_wconf 91' lang='lat'>¹.</span> 
     </span>
    </p>
   </div>
   <div class='ocr_carea' id='block_1_8' title="bbox 244 1723 1884 1961">
    <p class='ocr_par' dir='ltr' id='par_1_8' title="bbox 244 1723 1884 1961">
     <span class='ocr_line' id='line_1_17' title="bbox 244 1723 1880 1772; baseline 0.001 -13"><span class='ocrx_word' id='word_1_126' title='bbox 244 1723 437 1760; x_wconf 83' lang='lat' dir='ltr'>Romanas</span> <span class='ocrx_word' id='word_1_127' title='bbox 462 1724 609 1760; x_wconf 87' lang='lat' dir='ltr'><strong>litteras</strong></span> <span class='ocrx_word' id='word_1_128' title='bbox 636 1724 966 1760; x_wconf 84' lang='lat' dir='ltr'>desiderat.—De</span> <span class='ocrx_word' id='word_1_129' title='bbox 988 1726 1144 1771; x_wconf 85' lang='lat' dir='ltr'>negotio</span> <span class='ocrx_word' id='word_1_130' title='bbox 1165 1725 1353 1762; x_wconf 88' lang='lat' dir='ltr'>Ludovici</span> <span class='ocrx_word' id='word_1_131' title='bbox 1375 1726 1421 1762; x_wconf 91' lang='lat' dir='ltr'>de</span> <span class='ocrx_word' id='word_1_132' title='bbox 1442 1725 1659 1772; x_wconf 85' lang='lat' dir='ltr'>Calatayud</span> <span class='ocrx_word' id='word_1_133' title='bbox 1687 1726 1880 1772; x_wconf 86' lang='lat' dir='ltr'>Ignatium</span> 
     </span>
     <span class='ocr_line' id='line_1_18' title="bbox 297 1786 1884 1835; baseline 0.002 -13"><span class='ocrx_word' id='word_1_134' title='bbox 297 1787 498 1822; x_wconf 87' lang='lat' dir='ltr'>certiorem</span> <span class='ocrx_word' id='word_1_135' title='bbox 522 1786 938 1823; x_wconf 81' lang='lat' dir='ltr'>facit.-Pontificium</span> <span class='ocrx_word' id='word_1_136' title='bbox 959 1788 1148 1834; x_wconf 84' lang='lat' dir='ltr'>diploma,</span> <span class='ocrx_word' id='word_1_137' title='bbox 1171 1790 1218 1824; x_wconf 87' lang='lat' dir='ltr'>ad</span> <span class='ocrx_word' id='word_1_138' title='bbox 1244 1789 1322 1824; x_wconf 87' lang='lat' dir='ltr'>vim</span> <span class='ocrx_word' id='word_1_139' title='bbox 1350 1789 1632 1835; x_wconf 86' lang='lat' dir='ltr'>repellendam,</span> <span class='ocrx_word' id='word_1_140' title='bbox 1657 1789 1884 1835; x_wconf 65' lang='lat' dir='ltr'>requirit.—</span> 
     </span>
     <span class='ocr_line' id='line_1_19' title="bbox 296 1849 1884 1899; baseline 0.003 -15"><span class='ocrx_word' id='word_1_141' title='bbox 296 1849 519 1885; x_wconf 86' lang='lat' dir='ltr'>Domestica</span> <span class='ocrx_word' id='word_1_142' title='bbox 546 1850 683 1891; x_wconf 90' lang='lat' dir='ltr'>dubia,</span> <span class='ocrx_word' id='word_1_143' title='bbox 712 1851 759 1885; x_wconf 86' lang='lat' dir='ltr'>ad</span> <span class='ocrx_word' id='word_1_144' title='bbox 788 1851 980 1886; x_wconf 87' lang='lat' dir='ltr'>scribendi</span> <span class='ocrx_word' id='word_1_145' title='bbox 1009 1851 1212 1887; x_wconf 87' lang='lat' dir='ltr'>formulam</span> <span class='ocrx_word' id='word_1_146' title='bbox 1239 1852 1472 1898; x_wconf 83' lang='lat' dir='ltr'>spectantia,</span> <span class='ocrx_word' id='word_1_147' title='bbox 1495 1852 1884 1899; x_wconf 88' lang='lat' dir='ltr'>proponit.-—Optat</span> 
     </span>
     <span class='ocr_line' id='line_1_20' title="bbox 294 1913 1758 1961; baseline 0.001 -10"><span class='ocrx_word' id='word_1_148' title='bbox 294 1913 458 1951; x_wconf 86' lang='lat' dir='ltr'>Carrillo</span> <span class='ocrx_word' id='word_1_149' title='bbox 479 1913 634 1949; x_wconf 86' lang='lat' dir='ltr'>liberari</span> <span class='ocrx_word' id='word_1_150' title='bbox 657 1914 705 1949; x_wconf 85' lang='lat' dir='ltr'>ab</span> <span class='ocrx_word' id='word_1_151' title='bbox 727 1924 842 1950; x_wconf 88' lang='lat' dir='ltr'>onere</span> <span class='ocrx_word' id='word_1_152' title='bbox 864 1915 1024 1961; x_wconf 86' lang='lat' dir='ltr'>regendi</span> <span class='ocrx_word' id='word_1_153' title='bbox 1048 1915 1158 1951; x_wconf 90' lang='lat' dir='ltr'>alios.</span> <span class='ocrx_word' id='word_1_154' title='bbox 1179 1914 1236 1951; x_wconf 84' lang='lat' dir='ltr'>De</span> <span class='ocrx_word' id='word_1_155' title='bbox 1259 1915 1449 1952; x_wconf 88' lang='lat' dir='ltr'>Eleonora</span> <span class='ocrx_word' id='word_1_156' title='bbox 1470 1915 1758 1952; x_wconf 82' lang='lat' dir='ltr'>Mascarenhas.</span> 
     </span>
    </p>
   </div>
   <div class='ocr_carea' id='block_1_9' title="bbox 307 2055 1883 2221">
    <p class='ocr_par' dir='ltr' id='par_1_9' title="bbox 307 2055 1883 2221">
     <span class='ocr_line' id='line_1_21' title="bbox 1013 2055 1116 2115; baseline 0.029 -15"><span class='ocrx_word' id='word_1_157' title='bbox 1013 2055 1116 2115; x_wconf 90' lang='lat' dir='ltr'>Jhs.</span> 
     </span>
     <span class='ocr_line' id='line_1_22' title="bbox 307 2154 1883 2221; baseline 0.002 -21"><span class='ocrx_word' id='word_1_158' title='bbox 307 2154 430 2216; x_wconf 89' lang='lat' dir='ltr'>Muy</span> <span class='ocrx_word' id='word_1_159' title='bbox 459 2154 581 2200; x_wconf 86' lang='lat' dir='ltr'><strong>Rd0.</strong></span> <span class='ocrx_word' id='word_1_160' title='bbox 608 2171 662 2199; x_wconf 88' lang='lat' dir='ltr'>en</span> <span class='ocrx_word' id='word_1_161' title='bbox 690 2154 878 2200; x_wconf 76' lang='lat' dir='ltr'>Christo</span> <span class='ocrx_word' id='word_1_162' title='bbox 903 2155 1062 2202; x_wconf 86' lang='lat' dir='ltr'>Padre.</span> <span class='ocrx_word' id='word_1_163' title='bbox 1087 2156 1182 2202; x_wconf 87' lang='lat' dir='ltr'>Pax</span> <span class='ocrx_word' id='word_1_164' title='bbox 1201 2156 1391 2215; x_wconf 76' lang='lat' dir='ltr'>Christi,</span> <span class='ocrx_word' id='word_1_165' title='bbox 1409 2168 1492 2204; x_wconf 90' lang='lat' dir='ltr'>etc.</span> <span class='ocrx_word' id='word_1_166' title='bbox 1517 2156 1700 2221; x_wconf 88' lang='lat' dir='ltr'>Porque</span> <span class='ocrx_word' id='word_1_167' title='bbox 1719 2157 1758 2203; x_wconf 89' lang='grc'>61</span> <span class='ocrx_word' id='word_1_168' title='bbox 1780 2156 1883 2203; x_wconf 87' lang='lat' dir='ltr'>her-</span> 
     </span>
    </p>
   </div>
   <div class='ocr_carea' id='block_1_10' title="bbox 241 2227 1887 2817">
    <p class='ocr_par' dir='ltr' id='par_1_10' title="bbox 241 2227 1887 2817">
     <span class='ocr_line' id='line_1_23' title="bbox 241 2227 1886 2293; baseline 0.001 -19"><span class='ocrx_word' id='word_1_169' title='bbox 241 2246 377 2275; x_wconf 87' lang='lat' dir='ltr'>mano</span> <span class='ocrx_word' id='word_1_170' title='bbox 409 2228 605 2291; x_wconf 79' lang='lat' dir='ltr'>Ripalda</span> <span class='ocrx_word' id='word_1_171' title='bbox 624 2227 640 2252; x_wconf 76' lang='lat'><strong>²</strong></span> <span class='ocrx_word' id='word_1_172' title='bbox 665 2229 775 2275; x_wconf 73' lang='lat' dir='ltr'>dara</span> <span class='ocrx_word' id='word_1_173' title='bbox 801 2231 924 2275; x_wconf 88' lang='lat' dir='ltr'>aviso</span> <span class='ocrx_word' id='word_1_174' title='bbox 950 2232 974 2276; x_wconf 73' lang='lat' dir='ltr'>a</span> <span class='ocrx_word' id='word_1_175' title='bbox 1002 2230 1059 2276; x_wconf 90' lang='lat' dir='ltr'>V.</span> <span class='ocrx_word' id='word_1_176' title='bbox 1091 2230 1140 2278; x_wconf 89' lang='lat' dir='ltr'>P.</span> <span class='ocrx_word' id='word_1_177' title='bbox 1171 2247 1226 2277; x_wconf 87' lang='lat' dir='ltr'>en</span> <span class='ocrx_word' id='word_1_178' title='bbox 1263 2230 1301 2276; x_wconf 85' lang='lat' dir='ltr'>la</span> <span class='ocrx_word' id='word_1_179' title='bbox 1333 2247 1446 2293; x_wconf 87' lang='lat' dir='ltr'>suya</span> <span class='ocrx_word' id='word_1_180' title='bbox 1469 2231 1525 2277; x_wconf 91' lang='lat' dir='ltr'>de</span> <span class='ocrx_word' id='word_1_181' title='bbox 1553 2230 1616 2276; x_wconf 85' lang='lat' dir='ltr'>los</span> <span class='ocrx_word' id='word_1_182' title='bbox 1640 2231 1886 2277; x_wconf 74' lang='lat' dir='ltr'>exercicio&#39;s</span> 
     </span>
     <span class='ocr_line' id='line_1_24' title="bbox 241 2303 1886 2369; baseline 0 -19"><span class='ocrx_word' id='word_1_183' title='bbox 241 2322 268 2366; x_wconf 94' lang='lat' dir='ltr'><strong>y</strong></span> <span class='ocrx_word' id='word_1_184' title='bbox 296 2303 448 2350; x_wconf 88' lang='lat' dir='ltr'>fructo</span> <span class='ocrx_word' id='word_1_185' title='bbox 473 2304 615 2350; x_wconf 87' lang='lat' dir='ltr'>dellos</span> <span class='ocrx_word' id='word_1_186' title='bbox 639 2304 764 2350; x_wconf 87' lang='lat' dir='ltr'>deste</span> <span class='ocrx_word' id='word_1_187' title='bbox 788 2304 995 2368; x_wconf 84' lang='lat' dir='ltr'>collegio,</span> <span class='ocrx_word' id='word_1_188' title='bbox 1023 2323 1081 2368; x_wconf 92' lang='lat' dir='ltr'>yo</span> <span class='ocrx_word' id='word_1_189' title='bbox 1120 2323 1180 2351; x_wconf 89' lang='lat' dir='ltr'>no</span> <span class='ocrx_word' id='word_1_190' title='bbox 1213 2306 1380 2351; x_wconf 76' lang='lat' dir='ltr'>tratare</span> <span class='ocrx_word' id='word_1_191' title='bbox 1406 2306 1541 2363; x_wconf 84' lang='lat' dir='ltr'>dello,</span> <span class='ocrx_word' id='word_1_192' title='bbox 1569 2308 1666 2351; x_wconf 70' lang='lat' dir='ltr'>mas</span> <span class='ocrx_word' id='word_1_193' title='bbox 1692 2322 1780 2369; x_wconf 91' lang='lat' dir='ltr'>que</span> <span class='ocrx_word' id='word_1_194' title='bbox 1805 2306 1886 2351; x_wconf 89' lang='lat' dir='ltr'>dar</span> 
     </span>
     <span class='ocr_line' id='line_1_25' title="bbox 241 2378 1885 2443; baseline 0.001 -19"><span class='ocrx_word' id='word_1_195' title='bbox 241 2380 366 2425; x_wconf 81' lang='lat' dir='ltr'>aviso</span> <span class='ocrx_word' id='word_1_196' title='bbox 391 2379 448 2425; x_wconf 90' lang='lat' dir='ltr'>de</span> <span class='ocrx_word' id='word_1_197' title='bbox 472 2378 535 2423; x_wconf 91' lang='grc'>133</span> <span class='ocrx_word' id='word_1_198' title='bbox 559 2390 683 2424; x_wconf 90' lang='lat' dir='ltr'>otras</span> <span class='ocrx_word' id='word_1_199' title='bbox 707 2396 832 2424; x_wconf 89' lang='lat' dir='ltr'>cosas</span> <span class='ocrx_word' id='word_1_200' title='bbox 858 2380 1149 2442; x_wconf 77' lang='lat' dir='ltr'>particulares</span> <span class='ocrx_word' id='word_1_201' title='bbox 1170 2397 1258 2443; x_wconf 89' lang='lat' dir='ltr'>que</span> <span class='ocrx_word' id='word_1_202' title='bbox 1278 2397 1324 2426; x_wconf 89' lang='lat' dir='ltr'>se</span> <span class='ocrx_word' id='word_1_203' title='bbox 1344 2379 1560 2426; x_wconf 87' lang='lat' dir='ltr'>ofrescen.</span> <span class='ocrx_word' id='word_1_204' title='bbox 1583 2381 1629 2426; x_wconf 92' lang='lat' dir='ltr'>Y</span> <span class='ocrx_word' id='word_1_205' title='bbox 1654 2397 1699 2426; x_wconf 88' lang='lat' dir='ltr'>es</span> <span class='ocrx_word' id='word_1_206' title='bbox 1725 2380 1767 2426; x_wconf 95' lang='grc'><strong>10</strong></span> <span class='ocrx_word' id='word_1_207' title='bbox 1795 2380 1885 2442; x_wconf 79' lang='lat' dir='ltr'>pri-</span> 
     </span>
     <span class='ocr_line' id='line_1_26' title="bbox 242 2453 1886 2516; baseline 0.001 -17"><span class='ocrx_word' id='word_1_208' title='bbox 242 2471 382 2509; x_wconf 86' lang='lat' dir='ltr'>mero,</span> <span class='ocrx_word' id='word_1_209' title='bbox 409 2470 497 2516; x_wconf 90' lang='lat' dir='ltr'>que</span> <span class='ocrx_word' id='word_1_210' title='bbox 523 2453 588 2498; x_wconf 91' lang='lat' dir='ltr'>los</span> <span class='ocrx_word' id='word_1_211' title='bbox 613 2453 712 2499; x_wconf 82' lang='lat' dir='ltr'>dias</span> <span class='ocrx_word' id='word_1_212' title='bbox 740 2455 975 2516; x_wconf 86' lang='lat' dir='ltr'>passados,</span> <span class='ocrx_word' id='word_1_213' title='bbox 1006 2471 1110 2501; x_wconf 88' lang='lat' dir='ltr'>creo</span> <span class='ocrx_word' id='word_1_214' title='bbox 1138 2456 1195 2500; x_wconf 90' lang='lat' dir='ltr'>ha</span> <span class='ocrx_word' id='word_1_215' title='bbox 1219 2455 1302 2501; x_wconf 91' lang='lat' dir='ltr'>dos</span> <span class='ocrx_word' id='word_1_216' title='bbox 1327 2459 1438 2501; x_wconf 78' lang='lat' dir='ltr'>afios</span> <span class='ocrx_word' id='word_1_217' title='bbox 1464 2457 1491 2500; x_wconf 88' lang='lat'>6</span> <span class='ocrx_word' id='word_1_218' title='bbox 1517 2471 1656 2512; x_wconf 88' lang='lat' dir='ltr'>cerea,</span> <span class='ocrx_word' id='word_1_219' title='bbox 1684 2454 1834 2501; x_wconf 76' lang='lat' dir='ltr'>embie‘:</span> <span class='ocrx_word' id='word_1_220' title='bbox 1860 2457 1886 2501; x_wconf 75' lang='grc' dir='ltr'>Ξι</span> 
     </span>
     <span class='ocr_line' id='line_1_27' title="bbox 244 2525 1883 2595; baseline -0.001 -19"><span class='ocrx_word' id='word_1_221' title='bbox 244 2532 300 2577; x_wconf 93' lang='lat' dir='ltr'>V.</span> <span class='ocrx_word' id='word_1_222' title='bbox 332 2532 384 2579; x_wconf 89' lang='lat' dir='ltr'>P.</span> <span class='ocrx_word' id='word_1_223' title='bbox 413 2547 528 2576; x_wconf 84' lang='lat' dir='ltr'>vnos</span> <span class='ocrx_word' id='word_1_224' title='bbox 559 2531 752 2593; x_wconf 86' lang='lat' dir='ltr'>poderes</span> <span class='ocrx_word' id='word_1_225' title='bbox 783 2531 1050 2594; x_wconf 84' lang='lat' dir='ltr'>duplicados</span> <span class='ocrx_word' id='word_1_226' title='bbox 1082 2549 1189 2595; x_wconf 87' lang='lat' dir='ltr'>para</span> <span class='ocrx_word' id='word_1_227' title='bbox 1221 2525 1386 2577; x_wconf 69' lang='lat' dir='ltr'>anexar</span> <span class='ocrx_word' id='word_1_228' title='bbox 1418 2534 1443 2578; x_wconf 71' lang='lat'>{1</span> <span class='ocrx_word' id='word_1_229' title='bbox 1475 2543 1566 2578; x_wconf 85' lang='lat' dir='ltr'>este</span> <span class='ocrx_word' id='word_1_230' title='bbox 1597 2531 1789 2594; x_wconf 79' lang='lat' dir='ltr'>collegio</span> <span class='ocrx_word' id='word_1_231' title='bbox 1824 2548 1883 2576; x_wconf 88' lang='lat' dir='ltr'>vn</span> 
     </span>
     <span class='ocr_line' id='line_1_28' title="bbox 242 2604 1885 2668; baseline 0.001 -18"><span class='ocrx_word' id='word_1_232' title='bbox 242 2605 488 2668; x_wconf 76' lang='lat' dir='ltr'>prestamo,</span> <span class='ocrx_word' id='word_1_233' title='bbox 515 2621 603 2668; x_wconf 91' lang='lat' dir='ltr'>que</span> <span class='ocrx_word' id='word_1_234' title='bbox 627 2604 665 2650; x_wconf 91' lang='lat' dir='ltr'>el</span> <span class='ocrx_word' id='word_1_235' title='bbox 694 2604 747 2652; x_wconf 88' lang='lat' dir='ltr'>P.</span> <span class='ocrx_word' id='word_1_236' title='bbox 774 2605 1069 2651; x_wconf 86' lang='lat' dir='ltr'>Bustamante</span> <span class='ocrx_word' id='word_1_237' title='bbox 1091 2605 1106 2630; x_wconf 80' lang='lat'>³</span> <span class='ocrx_word' id='word_1_238' title='bbox 1133 2622 1239 2668; x_wconf 86' lang='lat' dir='ltr'>para</span> <span class='ocrx_word' id='word_1_239' title='bbox 1258 2617 1349 2651; x_wconf 88' lang='lat' dir='ltr'>este</span> <span class='ocrx_word' id='word_1_240' title='bbox 1369 2605 1430 2651; x_wconf 90' lang='lat' dir='ltr'>fin</span> <span class='ocrx_word' id='word_1_241' title='bbox 1451 2622 1568 2668; x_wconf 90' lang='lat' dir='ltr'>puso</span> <span class='ocrx_word' id='word_1_242' title='bbox 1587 2623 1642 2651; x_wconf 91' lang='lat' dir='ltr'>en</span> <span class='ocrx_word' id='word_1_243' title='bbox 1670 2606 1730 2651; x_wconf 87' lang='lat' dir='ltr'>mi</span> <span class='ocrx_word' id='word_1_244' title='bbox 1757 2604 1885 2651; x_wconf 89' lang='lat' dir='ltr'>cabe-</span> 
     </span>
     <span class='ocr_line' id='line_1_29' title="bbox 243 2679 1885 2743; baseline 0 -19"><span class='ocrx_word' id='word_1_245' title='bbox 243 2697 308 2741; x_wconf 77' lang='grc' dir='ltr'>ς3,</span> <span class='ocrx_word' id='word_1_246' title='bbox 335 2680 520 2737; x_wconf 84' lang='lat' dir='ltr'>quando</span> <span class='ocrx_word' id='word_1_247' title='bbox 547 2679 673 2724; x_wconf 82' lang='lat' dir='ltr'>huvo</span> <span class='ocrx_word' id='word_1_248' title='bbox 697 2679 753 2725; x_wconf 92' lang='lat' dir='ltr'>de</span> <span class='ocrx_word' id='word_1_249' title='bbox 780 2680 918 2725; x_wconf 86' lang='lat' dir='ltr'>hazer</span> <span class='ocrx_word' id='word_1_250' title='bbox 945 2679 1192 2743; x_wconf 78' lang='lat' dir='ltr'>profesion,</span> <span class='ocrx_word' id='word_1_251' title='bbox 1225 2697 1252 2742; x_wconf 94' lang='lat' dir='ltr'>y</span> <span class='ocrx_word' id='word_1_252' title='bbox 1287 2697 1435 2726; x_wconf 88' lang='lat' dir='ltr'>nunca</span> <span class='ocrx_word' id='word_1_253' title='bbox 1459 2697 1644 2725; x_wconf 89' lang='lat' dir='ltr'>avernos</span> <span class='ocrx_word' id='word_1_254' title='bbox 1669 2680 1827 2726; x_wconf 80' lang='lat' dir='ltr'>sabido</span> <span class='ocrx_word' id='word_1_255' title='bbox 1851 2680 1885 2725; x_wconf 82' lang='lat' dir='ltr'>si</span> 
     </span>
     <span class='ocr_line' id='line_1_30' title="bbox 242 2753 1887 2817; baseline -0.001 -17"><span class='ocrx_word' id='word_1_256' title='bbox 242 2766 360 2800; x_wconf 87' lang='lat' dir='ltr'>estos</span> <span class='ocrx_word' id='word_1_257' title='bbox 389 2755 579 2817; x_wconf 90' lang='lat' dir='ltr'>poderes</span> <span class='ocrx_word' id='word_1_258' title='bbox 604 2755 632 2799; x_wconf 83' lang='lat'>6</span> <span class='ocrx_word' id='word_1_259' title='bbox 657 2753 826 2816; x_wconf 87' lang='lat' dir='ltr'>alguno</span> <span class='ocrx_word' id='word_1_260' title='bbox 851 2754 993 2800; x_wconf 89' lang='lat' dir='ltr'>dellos</span> <span class='ocrx_word' id='word_1_261' title='bbox 1016 2754 1104 2800; x_wconf 89' lang='lat' dir='ltr'>han</span> <span class='ocrx_word' id='word_1_262' title='bbox 1125 2754 1303 2817; x_wconf 88' lang='lat' dir='ltr'>llegado</span> <span class='ocrx_word' id='word_1_263' title='bbox 1325 2756 1349 2800; x_wconf 72' lang='lat' dir='ltr'>a</span> <span class='ocrx_word' id='word_1_264' title='bbox 1371 2754 1515 2817; x_wconf 90' lang='lat' dir='ltr'>poder</span> <span class='ocrx_word' id='word_1_265' title='bbox 1534 2754 1590 2801; x_wconf 93' lang='lat' dir='ltr'>de</span> <span class='ocrx_word' id='word_1_266' title='bbox 1609 2753 1666 2801; x_wconf 92' lang='lat' dir='ltr'>V.</span> <span class='ocrx_word' id='word_1_267' title='bbox 1691 2754 1742 2800; x_wconf 90' lang='lat' dir='ltr'>P.</span> <span class='ocrx_word' id='word_1_268' title='bbox 1761 2753 1887 2800; x_wconf 89' lang='lat' dir='ltr'>Con-</span> 
     </span>
    </p>
   </div>
   <div class='ocr_carea' id='block_1_11' title="bbox 244 2897 1906 3193">
    <p class='ocr_par' dir='ltr' id='par_1_11' title="bbox 244 2897 1906 3013">
     <span class='ocr_line' id='line_1_31' title="bbox 299 2897 1885 2951; baseline -0.002 -13"><span class='ocrx_word' id='word_1_269' title='bbox 299 2900 310 2925; x_wconf 94' lang='lat'><strong>¹</strong></span> <span class='ocrx_word' id='word_1_270' title='bbox 368 2902 424 2938; x_wconf 88' lang='lat' dir='ltr'>Ex</span> <span class='ocrx_word' id='word_1_271' title='bbox 451 2901 690 2947; x_wconf 84' lang='lat' dir='ltr'>autographo</span> <span class='ocrx_word' id='word_1_272' title='bbox 718 2901 755 2936; x_wconf 86' lang='lat' dir='ltr'>in</span> <span class='ocrx_word' id='word_1_273' title='bbox 782 2902 857 2938; x_wconf 85' lang='lat' dir='ltr'>vol.</span> <span class='ocrx_word' id='word_1_274' title='bbox 885 2899 989 2940; x_wconf 73' lang='lat' dir='ltr'>Litt.</span> <span class='ocrx_word' id='word_1_275' title='bbox 1018 2898 1243 2950; x_wconf 79' lang='lat' dir='ltr'>Quadrim.</span> <span class='ocrx_word' id='word_1_276' title='bbox 1270 2897 1397 2951; x_wconf 74' lang='grc'><em>1556,</em></span> <span class='ocrx_word' id='word_1_277' title='bbox 1420 2900 1564 2948; x_wconf 86' lang='lat' dir='ltr'>duplici</span> <span class='ocrx_word' id='word_1_278' title='bbox 1593 2900 1704 2946; x_wconf 87' lang='lat' dir='ltr'>folio,</span> <span class='ocrx_word' id='word_1_279' title='bbox 1733 2910 1768 2936; x_wconf 90' lang='lat' dir='ltr'>n.</span> <span class='ocrx_word' id='word_1_280' title='bbox 1798 2907 1885 2947; x_wconf 84' lang='lat'><strong>135,</strong></span> 
     </span>
     <span class='ocr_line' id='line_1_32' title="bbox 244 2965 1906 3013; baseline 0.001 -11"><span class='ocrx_word' id='word_1_281' title='bbox 244 2967 350 3013; x_wconf 88' lang='lat' dir='ltr'>prius</span> <span class='ocrx_word' id='word_1_282' title='bbox 371 2966 465 3012; x_wconf 88' lang='lat'>381.</span> <span class='ocrx_word' id='word_1_283' title='bbox 1903 2965 1906 2968; x_wconf 79' lang='grc'>’</span> 
     </span>
    </p>

    <p class='ocr_par' dir='ltr' id='par_1_12' title="bbox 250 3025 1882 3139">
     <span class='ocr_line' id='line_1_33' title="bbox 298 3025 1882 3075; baseline -0.001 -12"><span class='ocrx_word' id='word_1_284' title='bbox 298 3026 314 3051; x_wconf 81' lang='lat'><strong>2</strong></span> <span class='ocrx_word' id='word_1_285' title='bbox 343 3059 345 3061; x_wconf 72' lang='grc'>,</span> <span class='ocrx_word' id='word_1_286' title='bbox 368 3028 627 3074; x_wconf 84' lang='lat' dir='ltr'>Hieronymus</span> <span class='ocrx_word' id='word_1_287' title='bbox 653 3027 698 3063; x_wconf 88' lang='lat' dir='ltr'>de</span> <span class='ocrx_word' id='word_1_288' title='bbox 725 3027 899 3074; x_wconf 84' lang='lat' dir='ltr'>Ripalda.</span> <span class='ocrx_word' id='word_1_289' title='bbox 922 3028 1013 3075; x_wconf 77' lang='lat' dir='ltr'>EJ’us</span> <span class='ocrx_word' id='word_1_290' title='bbox 1041 3031 1168 3064; x_wconf 82' lang='lat' dir='ltr'>autem</span> <span class='ocrx_word' id='word_1_291' title='bbox 1195 3028 1377 3074; x_wconf 80' lang='lat' dir='ltr'>epistola,</span> <span class='ocrx_word' id='word_1_292' title='bbox 1400 3038 1497 3074; x_wconf 87' lang='lat' dir='ltr'>quae</span> <span class='ocrx_word' id='word_1_293' title='bbox 1527 3027 1629 3063; x_wconf 88' lang='lat' dir='ltr'>diem</span> <span class='ocrx_word' id='word_1_294' title='bbox 1657 3025 1882 3072; x_wconf 83' lang='lat' dir='ltr'>scriptionis</span> 
     </span>
     <span class='ocr_line' id='line_1_34' title="bbox 250 3086 1816 3139; baseline -0.002 -11"><span class='ocrx_word' id='word_1_295' title='bbox 250 3103 265 3128; x_wconf 95' lang='lat'>1</span> <span class='ocrx_word' id='word_1_296' title='bbox 290 3090 383 3137; x_wconf 85' lang='lat' dir='ltr'>Maji</span> <span class='ocrx_word' id='word_1_297' title='bbox 405 3090 570 3136; x_wconf 83' lang='lat' dir='ltr'>exhibet,</span> <span class='ocrx_word' id='word_1_298' title='bbox 593 3090 695 3126; x_wconf 89' lang='lat' dir='ltr'>edita</span> <span class='ocrx_word' id='word_1_299' title='bbox 715 3100 738 3125; x_wconf 88' lang='lat' dir='ltr'>a</span> <span class='ocrx_word' id='word_1_300' title='bbox 758 3090 871 3126; x_wconf 85' lang='lat' dir='ltr'>nobis</span> <span class='ocrx_word' id='word_1_301' title='bbox 893 3094 962 3136; x_wconf 87' lang='lat' dir='ltr'>est,</span> <span class='ocrx_word' id='word_1_302' title='bbox 985 3087 1086 3128; x_wconf 75' lang='lat' dir='ltr'>Litt.</span> <span class='ocrx_word' id='word_1_303' title='bbox 1112 3086 1290 3139; x_wconf 65' lang='lat' dir='ltr'>Quadr„</span> <span class='ocrx_word' id='word_1_304' title='bbox 1313 3093 1337 3127; x_wconf 87' lang='lat' dir='ltr'>t.</span> <span class='ocrx_word' id='word_1_305' title='bbox 1361 3098 1418 3136; x_wconf 81' lang='lat' dir='ltr'>IV,</span> <span class='ocrx_word' id='word_1_306' title='bbox 1439 3100 1528 3137; x_wconf 85' lang='lat' dir='ltr'>pag.</span> <span class='ocrx_word' id='word_1_307' title='bbox 1553 3098 1624 3138; x_wconf 84' lang='lat'>237</span> <span class='ocrx_word' id='word_1_308' title='bbox 1649 3093 1686 3126; x_wconf 87' lang='lat' dir='ltr'>et</span> <span class='ocrx_word' id='word_1_309' title='bbox 1710 3098 1816 3136; x_wconf 90' lang='lat' dir='ltr'>seqq.</span> 
     </span>
    </p>

    <p class='ocr_par' dir='ltr' id='par_1_13' title="bbox 301 3151 1042 3193">
     <span class='ocr_line' id='line_1_35' title="bbox 301 3151 1042 3193; baseline -0.001 0"><span class='ocrx_word' id='word_1_310' title='bbox 301 3151 315 3179; x_wconf 78' lang='lat'><strong>³</strong></span> <span class='ocrx_word' id='word_1_311' title='bbox 372 3153 691 3193; x_wconf 86' lang='lat' dir='ltr'>Bartholomaeus</span> <span class='ocrx_word' id='word_1_312' title='bbox 712 3153 758 3189; x_wconf 89' lang='lat' dir='ltr'>de</span> <span class='ocrx_word' id='word_1_313' title='bbox 781 3152 1042 3193; x_wconf 83' lang='lat' dir='ltr'>Bustamante.</span> 
     </span>
    </p>
   </div>
  </div>
 </body>
</html>
