2008 3510
247 252 294 292 73
304 253 326 279 2
716 238 951 278 EPISTOLAE
983 240 1228 279 ΜῙΧΤΑΕ-Ῑ
1236 254 1312 292 303

263 345 337 392 Fit
383 361 631 391 concursus
672 344 878 391 virorum
921 362 969 391 ac
1010 346 1253 392 mulierum
1297 347 1514 412 cujusque
1555 349 1733 413 generis
1774 351 1831 397 ad

195 419 474 466 audiendum
513 435 689 464 sacrum
724 418 767 464 in
813 430 967 466 nostra
999 420 1178 466 ecclesia
1219 420 1378 468 diebus
1418 422 1656 469 dominicis
1696 435 1831 488 atque

197 493 399 541 faestiuis
417 510 521 540 cum
543 492 852 540 aedificatione
872 511 920 540 ac
945 494 1104 541 solatio
1129 495 1385 542 animarum
1405 513 1606 554 suarum,
1628 496 1831 561 illudque

196 569 240 615 in
267 568 427 632 primis
458 567 645 614 laudant
674 579 810 632 atque
843 569 1081 627 mirantur,
1107 570 1234 634 quod
1264 581 1443 617 tantum
1477 572 1680 618 Vtilitatis
1704 589 1829 619 acce-

191 644 270 690 dat
296 643 401 689 huic
426 643 602 706 oppido
631 660 688 688 ex
711 642 793 689 hac
825 655 917 689 tam
945 644 1137 707 paruula
1165 645 1330 703 domo,
1356 645 1604 709 dolentque
1638 663 1830 710 pauper-

191 717 346 764 culum
378 727 586 764 nostrum
613 717 884 782 hospitium,
913 717 993 764 loci
1027 718 1161 765 etiam
1194 719 1330 765 situm
1365 719 1554 767 brevem
1587 721 1643 767 ad
1673 738 1830 785 super-

190 791 538 840 aedificandum.

258 866 507 913 Accedunt
531 865 736 913 similiter
760 865 1024 930 frequenter
1048 867 1200 930 plures
1219 884 1275 914 ex
1298 868 1426 914 omni
1452 885 1617 932 genere
1643 869 1698 917 ad
1725 886 1828 933 par-

192 941 393 987 ticularia
417 940 658 1004 colloquia,
678 952 723 987 et
742 952 793 987 ut
811 941 1088 1005 adjuueiitur
1107 942 1151 987 in
1173 942 1402 1000 Domino3
1425 943 1530 990 haec
1549 944 1703 990 omnia
1721 961 1826 990 cum

191 1032 283 1061 non
311 1014 501 1060 minima
525 1030 683 1060 eorum
712 1014 901 1061 vtilitate
927 1026 1063 1078 atque
1086 1032 1291 1062 suorum.
1315 1016 1660 1080 Impraecantur
1685 1018 1829 1064 maxi*-

193 1106 265 1135 me
287 1089 423 1152 hujus
443 1099 622 1134 nostrae
641 1088 808 1135 domus
834 1100 1156 1152 augmentum3
1176 1089 1278 1136 licet
1296 1090 1417 1135 enim
1439 1091 1646 1137 adessent
1668 1092 1828 1155 viginti

194 1163 352 1209 Patres
378 1173 557 1208 nostrae
582 1162 828 1221 Societatis,
851 1179 940 1208 non
961 1163 1134 1209 deesset
1161 1163 1266 1226 ipsis
1292 1164 1335 1210 in
1362 1164 1448 1210 hoc
1473 1165 1648 1228 oppido
1674 1167 1830 1212 messis

190 1236 402 1300 plurima.

257 1311 480 1374 Quotidie
515 1321 679 1375 petunt
709 1310 862 1375 plures
892 1312 1045 1358 denuo
1078 1323 1256 1359 nostrae
1300 1313 1533 1365 Societatis
1575 1314 1732 1360 Patres
1772 1314 1829 1361 ad

189 1388 368 1435 diuersa
400 1387 515 1445 loca,
551 1387 848 1451 promitentes
879 1387 1049 1446 omnia,
1082 1388 1288 1434 redditus
1323 1405 1371 1434 ac
1405 1388 1598 1435 docilem
1636 1405 1827 1447 mesem‚

189 1480 383 1527 eamque
408 1463 690 1527 indigentem
717 1474 761 1508 et
786 1462 967 1509 auidam
993 1463 1322 1526 operariorum.
1358 1463 1595 1509 Dominus
1623 1463 1722 1524 Jhs.
1749 1480 1829 1510 sua

189 1538 467 1602 pientissima
491 1537 798 1585 misericordia
820 1554 868 1583 ac
896 1537 1176 1602 benignitate
1200 1538 1447 1602 adimpleat
1472 1556 1633 1585 eorum
1659 1556 1828 1602 paenu-

188 1613 324 1671 riam,
351 1624 606 1676 augeatque
631 1628 758 1658 suam
788 1612 901 1658 hanc
933 1609 1203 1658 Societatem
1239 1629 1455 1670 numero,
1486 1611 1668 1659 feruore
1693 1625 1830 1677 atque

192 1686 425 1743 charitate,
450 1686 665 1750 quatinus
691 1686 733 1731 in
760 1686 855 1732 dies
879 1686 1024 1732 maius
1049 1686 1106 1733 sit
1124 1687 1459 1733 incrementum
1485 1687 1655 1751 gloriae
1674 1688 1826 1751 ipsius,

188 1761 325 1808 simul
350 1777 454 1807 cum
482 1760 713 1806 charitatis
743 1772 879 1824 atque
912 1762 1158 1824 agnitionis
1192 1761 1376 1807 diuinae
1408 1774 1658 1825 augmento
1686 1779 1828 1827 usque

195 1836 251 1882 ad
276 1834 527 1898 perfectam
553 1833 818 1881 fruitionem
845 1834 983 1898 ipsius
1009 1835 1189 1882 diuinae
1216 1837 1488 1899 magestatis.
1516 1838 1685 1884 Amen.

255 1910 500 1974 Pergimus
527 1909 583 1956 ad
608 1907 889 1955 confesiones
914 1908 1204 1955 infirmorum
1234 1927 1526 1975 quacumque
1558 1911 1670 1957 hora
1695 1929 1824 1958 voce-

190 2003 310 2044 mur,
336 1986 457 2050 ipsos
481 1984 675 2031 solantes
698 1994 834 2048 atque
859 1984 1153 2031 exhortantes
1172 1985 1227 2031 ad
1255 1985 1370 2031 illius
1395 1985 1712 2044 imitationem,
1731 1986 1825 2050 qui,

188 2077 295 2108 cum
321 2077 413 2108 non
439 2058 615 2106 fecisset
639 2070 890 2123 peccatum,
916 2071 1090 2106 nostras
1115 2059 1262 2106 voluit
1278 2076 1415 2122 super
1432 2077 1478 2106 se
1497 2060 1694 2106 miserias
1719 2077 1824 2124 por-

189 2148 282 2182 tare
307 2146 444 2200 atque
469 2134 681 2199 experiri,
702 2144 753 2180 ut
769 2134 1022 2181 misericors
1041 2134 1183 2193 fieret,
1202 2146 1253 2181 ut
1268 2151 1374 2181 eum
1391 2134 1634 2194 imitantes,
1655 2134 1824 2199 absque

188 2211 282 2257 ullo
302 2211 467 2257 timore
486 2226 743 2256 mereamur
762 2226 868 2256 cum
889 2209 965 2256 illo
984 2208 1072 2255 frui
1094 2209 1138 2255 in
1157 2209 1252 2274 ejus
1270 2206 1467 2274 gloriosa
1483 2210 1823 2267 resurrectione,

187 2287 269 2333 hac
294 2286 453 2332 eadem
478 2302 555 2348 spe
577 2284 768 2348 pussilos
783 2283 1048 2331 confortans
1068 2284 1355 2331 dulcissimus
1375 2285 1576 2332 veritatis
1595 2285 1823 2349 magister,

188 2372 240 2407 ut
266 2378 491 2424 nusquam
518 2360 730 2407 deficiant
753 2361 798 2405 in
826 2360 909 2405 via.

255 2435 390 2481 Vltra
424 2435 532 2481 haec
564 2446 631 2481 est
664 2434 707 2481 in
743 2434 965 2497 praesenti
998 2434 1123 2480 domi
1158 2446 1338 2480 nostrae
1371 2433 1575 2480 nonnihil
1607 2433 1823 2491 exercitii,

188 2511 462 2558 innouantes
487 2522 661 2567 vetera,
687 2509 799 2558 duas
829 2509 965 2555 etiam
998 2520 1076 2554 aut
1109 2520 1198 2555 tres
1221 2525 1421 2556 cameras
1447 2510 1821 2572 superaddentes:

188 2585 394 2632 aedificet
418 2585 634 2631 dominus
657 2584 756 2644 Jhs.
784 2583 1033 2646 hospitium
1059 2583 1236 2629 animae
1261 2595 1454 2640 nostrae,
1481 2584 1699 2646 adaptans
1723 2599 1821 2628 eam

188 2677 237 2706 ac
263 2660 494 2718 muniens,
528 2669 753 2723 quatenus
782 2658 879 2721 ejus
912 2668 1132 2721 perpetua
1166 2657 1387 2704 habitatio
1411 2657 1523 2703 effici
1551 2673 1820 2705 mereamur.

188 2735 359 2781 Amen.
664 2722 666 2725 V

254 2807 480 2870 Quotidie
506 2806 835 2871 praestolamur
860 2807 1112 2853 aduentum
1139 2807 1392 2853 admodum
1431 2805 1537 2852 Rdi.
1567 2804 1714 2852 Patris
1741 2821 1820 2850 no-
1877 2845 1879 2848 ,

189 2881 268 2927 stri
295 2881 583 2944 prouincialis
604 2880 631 2927 ¹.
657 2879 823 2926 Sumus
849 2880 893 2926 in
919 2880 1170 2942 praesentia
1193 2897 1290 2928 sex:
1311 2881 1534 2943 adaugeat
1554 2895 1635 2925 nos
1658 2878 1821 2925 dulcis-

246 3050 257 3075 ¹
319 3053 438 3089 «Cum
460 3054 497 3089 P.
521 3053 773 3089 Provincialis
794 3053 921 3089 Araoz
942 3053 1213 3089 Vallisoletum
1246 3053 1402 3090 Octobri
1431 3063 1558 3089 mense
1579 3041 1764 3098 venisset,
1786 3055 1822 3087 et

191 3115 358 3154 triduum
388 3116 544 3153 haerere
572 3117 705 3163 vellet,
735 3120 808 3153 tres
837 3115 915 3152 fere
943 3116 1206 3153 hebdomadas
1234 3116 1284 3153 ibi
1316 3127 1468 3153 manere
1495 3119 1651 3153 coactus
1678 3119 1753 3161 est,
1780 3118 1822 3150 ut
