2008 3510
323 275 401 330 480
789 272 1025 315 Emsrotffl
1056 271 1302 315 Mlx‘rAE-t
1313 288 1328 314 1
1336 284 1386 326 99

269 395 347 430 aut
371 381 552 428 alterius
577 381 776 428 cuiusuis
802 382 1073 428 rhetoricem
1101 381 1365 445 astringere.
1391 382 1527 445 Opus
1562 393 1730 442 tamen,
1763 381 1908 431 immo

271 456 571 504 necessarium
612 455 695 502 erit
728 456 784 502 ad
816 467 1000 519 tempus
1033 455 1100 502 his
1142 457 1514 520 praeceptoribus
1557 457 1602 503 in
1631 458 1908 521 quibusdam

269 530 540 589 consentire,
565 547 670 576 cum
696 530 897 594 alioquin
927 546 1164 594 nunquam
1196 531 1252 577 ad
1285 531 1397 578 ullas
1428 532 1726 579 admittemur
1757 531 1911 581 lectio-

271 622 362 663 nes3
405 622 584 663 verum,
610 604 686 651 ubi
730 604 912 652 admissi
951 604 1134 662 erimus,
1162 621 1242 652 nec
1274 605 1334 652 illi
1368 616 1587 670 poterunt
1625 623 1708 652 nos
1739 622 1797 652 ex
1826 623 1910 653 suo

270 697 410 745 grege
433 680 680 739 secludere,
705 691 750 726 et
775 696 858 726 nos
882 691 1102 726 consueto
1126 679 1360 726 Societatis
1388 697 1516 727 more
1542 691 1695 726 nostra
1718 697 1910 749 perage—

271 772 385 803 mus.
412 755 487 801 De
512 753 714 818 pecuniis
744 770 855 800 uero
888 752 1017 800 facile
1048 753 1132 800 erit
1169 754 1434 800 adinuenire
1467 755 1660 802 modum
1695 755 1908 819 aliquem,

269 846 364 894 quo
388 829 433 875 in
459 829 559 893 pios
584 845 691 875 usus
714 841 759 875 et
783 829 828 875 in
853 828 1156 875 commodum
1175 828 1489 876 studiosorum
1509 828 1608 876 illae
1627 829 1908 877 distribuan-

270 915 359 952 tur.
386 904 613 951 Poterunt
640 920 851 968 namque,
877 920 993 968 quae
1019 921 1042 949 a
1066 903 1310 950 ditioribus
1334 915 1518 967 accepta
1542 915 1665 963 sunt,
1691 904 1910 968 pauperi-

271 979 356 1026 bus
396 979 609 1026 studiosis
649 978 843 1042 elargiri,
877 996 971 1043 quo
1005 989 1050 1024 et
1083 978 1167 1042 ipsi
1201 978 1257 1025 ad
1299 979 1469 1043 gradus
1500 978 1676 1043 aliquos
1716 996 1908 1041 promo-

269 1065 476 1101 [leantur.

335 1129 441 1194 Ego
471 1129 689 1175 hactenus
723 1128 1048 1192 interpretatus
1080 1145 1181 1175 sum
1226 1129 1271 1175 in
1312 1129 1477 1177 scholis
1511 1129 1677 1176 artium
1714 1130 1908 1190 Joannis

268 1203 528 1250 Sacrobusti
569 1203 808 1266 sphaeram
830 1202 860 1261 ¹,
895 1203 955 1249 illi
998 1202 1159 1250 diebus
1202 1203 1298 1251 istis
1338 1221 1568 1251 summam
1611 1204 1909 1268 impositurus

272 1295 476 1326 manum.
502 1278 597 1325 Visi
623 1289 730 1325 sunt
755 1278 984 1326 auditores
1009 1279 1090 1325 hac
1115 1278 1439 1344 qualicumque
1470 1279 1660 1326 lectione
1689 1278 1903 1326 satisfacti

274 1354 343 1417 (id
368 1354 491 1400 enim
519 1353 689 1400 indicat
714 1354 931 1400 continua
955 1370 1115 1400 eorum
1142 1352 1414 1418 frequentia,
1441 1371 1545 1400 nam
1571 1353 1628 1400 ad
1653 1353 1821 1400 nullius
1838 1353 1906 1401 di-

271 1429 389 1475 citur
413 1428 558 1474 maior
581 1429 712 1492 copia
735 1427 989 1487 confluere,
1017 1444 1155 1492 quam
1181 1429 1238 1475 ad
1264 1428 1364 1485 has,
1391 1427 1604 1474 barbaras
1630 1427 1730 1474 licet
1760 1438 1806 1474 et
1835 1427 1906 1474 in-

271 1503 466 1566 doctas).
494 1503 721 1550 Nonnulli
747 1503 882 1550 etiam
909 1500 1126 1550 ui‘dentur
1151 1495 1371 1549 commoti
1399 1521 1449 1549 ea
1473 1503 1528 1549 acl
1555 1503 1768 1566 pristinae
1789 1502 1908 1549 uitae

271 1578 657 1635 emendationem,
677 1577 952 1624 crebriorem
971 1578 1073 1624 dieo
1091 1576 1420 1624 confessionem
1445 1588 1489 1624 et
1515 1578 1904 1625 communionem.

273 1651 382 1699 Post
419 1652 627 1699 omnium
662 1662 922 1698 sanctorum
956 1651 1267 1698 solemnitates
1298 1668 1594 1716 aggressurus
1625 1667 1728 1705 sum
1762 1651 1907 1715 plani-

270 1839 438 1875 moriens
458 1839 561 1874 haud
582 1838 707 1884 potuit
734 1838 947 1875 absoluere.
977 1837 1135 1875 Scholia
1160 1838 1199 1874 in
1228 1838 1398 1885 quinque
1428 1838 1549 1874 libros
1580 1838 1755 1875 Seuerini
1781 1837 1905 1887 Boetij

268 1902 325 1939 De
346 1903 612 1939 consolatione
633 1901 918 1947 Philcsophiae,
941 1911 1105 1938 excusos
1126 1912 1213 1938 ann.
1234 1910 1347 1949 1535.
1370 1901 1478 1938 Colo.
1495 1902 1596 1947 apud
1616 1901 1904 1941 Ceruicornum.

269 1968 371 2005 Sane
391 1976 483 2003 vero
503 1966 685 2012 pleraque
705 1964 897 2011 Rodulphi
919 1964 1127 2011 Agricolae
1148 1964 1298 2000 duobus
1318 1964 1450 2001 Tomis
1467 1968 1647 2000 contenta
1662 1964 1804 2000 ibidem
1820 1975 1905 2012 pro-

269 2031 421 2067 dierunt
443 2029 546 2075 apud
574 2028 805 2074 Gymnicum
834 2037 920 2064 ann.
953 2035 1069 2075 1539.
1100 2026 1268 2063 Viuebat
1301 2026 1593 2073 Heidelbergae,
1620 2037 1706 2063 curn
1734 2028 1904 2063 nondum

269 2094 365 2129 haec
385 2091 533 2128 Ciuitas
555 2090 755 2126 incidisset
775 2090 813 2126 in
835 2090 1039 2134 haeresim,
1063 2100 1151 2126 ann.
1180 2089 1319 2137 1485».

323 2155 333 2179 ¹
397 2154 722 2191 «Grammaticam
764 2158 800 2188 et
838 2153 1085 2189 humaniores
1123 2153 1270 2190 litteras
1309 2156 1397 2188 ante
1432 2152 1659 2189 Nostrorum
1699 2152 1904 2188 adventum

269 2219 396 2265 palam
423 2212 639 2268 [Coloniae]
674 2226 786 2251 nemo
818 2215 990 2253 tradidit.
1027 2214 1191 2250 Extabat
1215 2219 1367 2261 praeter
1398 2214 1526 2261 Lycea
1553 2214 1709 2260 publica
1733 2211 1906 2252 audito-

253 2278 382 2318 «rium
403 2281 508 2316 aliud
532 2280 667 2326 majus,
689 2279 791 2325 quod
812 2278 961 2324 vulgari
991 2278 1200 2313 etiamnum
1227 2277 1417 2313 vocabulo
1446 2273 1598 2314 Schola
1624 2273 1784 2314 artium
1805 2276 1906 2313 dici—

268 2349 341 2380 tur:
363 2343 427 2379 ubi
450 2343 604 2389 linguae
625 2353 756 2378 sacrae
779 2346 816 2377 et
842 2341 1032 2377 Mathesis
1060 2351 1105 2376 ex
1131 2340 1322 2387 Majorum
1344 2340 1442 2375 tradi
1470 2340 1662 2376 debebant
1689 2339 1904 2377 instituto».

267 2407 567 2451 REIFFENBERG‚
595 2401 620 2442 l.
652 2404 859 2442 c.—Porr0
893 2414 1018 2439 sermo
1045 2403 1130 2439 heic
1158 2406 1213 2438 est
1241 2403 1287 2438 de
1307 2399 1506 2451 sphaera
1529 2413 1551 2438 a
1574 2401 1722 2438 Joanne
1750 2401 1906 2438 Halifax

268 2470 315 2505 de
336 2468 456 2505 Sacro
475 2468 598 2504 Bosco
614 2464 660 2516 (†
683 2466 798 2516 1256)
816 2467 1045 2511 conscripta,
1068 2466 1176 2511 cujus
1194 2464 1426 2500 mentionem
1445 2463 1589 2500 faciunt
1604 2461 1703 2501 Litt.
1724 2461 1903 2512 Quadra,

269 2536 294 2567 t.
317 2539 374 2575 111,
396 2541 481 2576 pag.
504 2531 595 2576 611,
618 2534 744 2565 annot.
771 2542 804 2575 1,
826 2533 863 2565 et
883 2529 975 2564 alibi
997 2537 1130 2574 saepe;
1151 2528 1359 2571 POLANCO‚
1381 2531 1405 2562 t.
1428 2534 1486 2572 Vi,
1509 2537 1595 2573 pag.
1616 2528 1706 2572 418,
1729 2538 1766 2564 n.
1790 2535 1903 2574 1797.

268 2592 379 2628 -De
406 2593 479 2628 hoc
506 2601 660 2628 auctore
688 2592 845 2637 ejusque
871 2591 1050 2637 operibus
1078 2590 1173 2625 haec
1199 2590 1316 2626 tradit
1346 2590 1541 2626 MICHAEL
1561 2598 1588 2625 A
1615 2589 1709 2626 STO.
1735 2589 1903 2635 JOSEPH,

268 2651 605 2704 Biblz'ograplzz'a
626 2650 789 2698 critica,
812 2658 835 2690 t.
860 2661 917 2699 111,
938 2663 1025 2699 pag.
1058 2652 1143 2688 118:
1163 2651 1332 2687 Joannes
1359 2653 1405 2686 de
1439 2651 1557 2687 Sacro
1585 2651 1728 2696 Bosco,
1755 2651 1903 2686 Mathe-

268 2728 355 2753 seos
376 2717 532 2753 Parisiis
552 2716 760 2761 Professor,
786 2716 939 2762 scripsit
958 2712 1010 2751 de
1036 2711 1234 2764 sphaera
1266 2710 1469 2760 libellum,
1498 2714 1684 2750 brevitate
1710 2723 1903 2749 commen-

269 2779 447 2824 dabilem,
465 2779 737 2824 perspicuitate
752 2778 917 2821 facilem,
934 2777 1195 2823 praecipiendi
1214 2787 1365 2822 quoque
1380 2777 1528 2812 ratione
1543 2777 1654 2812 valde
1670 2776 1901 2820 absolutum,

267 2846 308 2878 ut
328 2842 451 2888 inquit
472 2842 606 2877 Petrus
630 2841 853 2887 Opmeerus.
877 2839 1039 2886 Scripsit
1058 2843 1258 2885 praeterea
1280 2838 1317 2873 in
1344 2839 1466 2874 altero
1491 2838 1624 2874 libello
1653 2834 1901 2887 Computum

267 2900 620 2941 Ecclesiasticum.
641 2903 810 2948 Uterque
833 2906 976 2948 autem,
1005 2902 1141 2937 eodem
1161 2905 1272 2947 teste,
1300 2901 1483 2946 probatur
1503 2911 1524 2935 a
1545 2899 1677 2935 Doctis
1705 2903 1741 2934 et
1766 2899 1902 2934 retine—

265 2971 327 3002 tur
353 2966 389 3001 in
421 2966 587 3002 Scholis.
615 2966 657 3001 In
688 2966 857 3001 editione
900 2963 1249 3009 Uvittembergensi
1278 2962 1366 2998 anni
1397 2963 1495 3010 1563
1531 2971 1617 2998 cum
1650 2962 1903 3008 quorumdam

266 3028 564 3073 commentariis,
592 3028 776 3064 nonnulla
804 3027 972 3074 expungi
1003 3029 1233 3062 meruerunt.
1264 3024 1461 3060 Delendus
1489 3034 1641 3071 quoque
1669 3027 1725 3059 est
1752 3023 1902 3069 integer

204 3096 212 3102 '
265 3090 466 3126 Tractatus
487 3091 533 3126 de
556 3090 796 3136 Eclypsibus,
820 3100 865 3125 ex
885 3089 1022 3126 Proclo
1038 3087 1194 3134 Lypsi0‚
1214 3090 1251 3123 et
1271 3087 1556 3123 Annotationes
1572 3085 1692 3122 Marci
1713 3084 1837 3121 Mauri
1860 3084 1900 3120 in

265 3149 395 3193 Sacri
414 3149 541 3190 Bosci
558 3149 837 3203 sphaeram».
