2066 3516
360 285 434 325 174
821 269 1055 311 Emsromss
1083 271 1415 312 Mutus—1086

1050 461 1194 497 noso

831 557 1100 595 OLIVERIUs
1130 557 1411 596 MANAREUS
1429 543 1431 545 ’

622 653 832 700 PATRI
869 654 1174 701 IGNATIO
1211 654 1304 701 DE
1340 655 1626 703 LOYOLA

781 759 971 786 LAURETO
1002 760 1052 799 27
1080 759 1264 795 JANUARII
1297 749 1397 800 1556
1427 748 1454 788 ¹.

304 845 409 883 Socii
431 845 713 892 describuntur,
736 840 957 882 inchoando
979 847 1124 894 Pragae
1152 847 1316 894 collegio
1338 847 1605 884 idonei.—De
1631 847 1831 884 sodalibus
1857 847 1936 884 lau-

356 908 511 955 retanis,
529 908 729 956 Montoya,
747 908 952 956 Androtio‚
971 910 1084 946 Nieto
1100 910 1498 957 aliisque.—Litterae
1515 911 1813 958 quadrimestres
1829 910 1937 948 brevi

357 970 621 1016 disponentur.

1106 1049 1137 1102 †

370 1137 471 1184 Pax
496 1136 574 1184 X.i
603 1136 763 1184 Molto
790 1137 916 1186 Rdo.
945 1138 989 1185 in
1013 1139 1097 1186 X.⁰
1123 1139 1284 1186 Padre.
1315 1139 1403 1186 Per
1426 1138 1467 1186 la
1490 1138 1669 1186 breuita
1692 1137 1764 1186 del
1780 1147 1937 1202 tempo

305 1228 366 1258 no
403 1212 438 1258 si
477 1223 654 1275 potette
691 1211 910 1259 sodisfare
935 1230 1016 1277 per
1046 1213 1072 1259 l'
1100 1213 1261 1260 ultima
1298 1214 1388 1260 mia
1427 1214 1467 1261 al
1503 1214 1937 1261 commandamento

306 1285 464 1333 fattoci
495 1286 612 1333 dalla
644 1287 703 1334 R.
731 1287 781 1334 P.
811 1288 884 1345 V.,
910 1289 1026 1335 circa
1056 1288 1085 1334 l’
1111 1289 1322 1335 auissarla
1351 1289 1397 1336 di
1422 1289 1573 1354 quelli,
1603 1289 1686 1336 che
1709 1306 1800 1354 qua
1823 1306 1936 1336 sono

305 1362 383 1408 atti
410 1378 490 1425 per
515 1362 664 1426 Praga
682 1361 718 1410 ²:
745 1362 856 1409 hora
879 1363 982 1410 diro
1008 1363 1113 1428 quel
1137 1364 1219 1411 che
1242 1375 1372 1411 sento
1396 1365 1511 1411 circa
1535 1364 1592 1411 de
1614 1365 1704 1412 cio.

371 1437 701 1495 Primamente,
727 1437 754 1484 il
783 1449 939 1485 nostro
971 1438 1201 1498 albanese,
1226 1451 1271 1486 et
1298 1439 1551 1486 Lamberto
1575 1438 1836 1496 leodiensiS‚
1862 1455 1935 1485 me

305 1529 412 1576 pare
443 1511 697 1558 sarebbono
727 1512 807 1576 pisi
845 1513 924 1559 atti
956 1530 1036 1577 per
1069 1513 1184 1560 altro
1214 1513 1425 1578 collegio,
1451 1514 1533 1560 che
1563 1523 1745 1578 questo,
1770 1512 1935 1576 perche

304 1586 613 1632 difficilmente
650 1587 686 1632 si
727 1598 958 1650 potranno
997 1600 1188 1635 mettere
1225 1588 1264 1634 al
1302 1589 1455 1635 studio
1497 1605 1635 1635 senza
1675 1587 1935 1653 turbatione

302 1661 347 1707 d'
374 1660 520 1707 alcuni
553 1660 676 1718 altri,
702 1678 782 1724 per
812 1678 957 1709 essere
990 1663 1092 1709 stati
1124 1663 1208 1709 sin'
1240 1679 1264 1708 a
1295 1662 1406 1708 hora
1437 1662 1482 1709 in
1512 1662 1710 1727 seruigio
1740 1662 1785 1708 di
1816 1678 1935 1719 casa,

304 1735 472 1799 perche
507 1735 570 1781 ho
607 1747 804 1799 prouato
838 1736 939 1795 che,
973 1738 1159 1802 quando
1191 1737 1288 1783 cusi
1326 1755 1372 1783 se
1405 1735 1470 1796 fa,
1503 1737 1611 1796 zoe,
1646 1736 1831 1801 quando
1862 1736 1935 1783 del

304 1810 503 1874 seruigio
528 1810 573 1857 di
600 1827 698 1856 casa
724 1827 770 1856 se
796 1823 1004 1859 mettono
1032 1812 1177 1859 alcuni
1203 1812 1274 1858 alli
1303 1812 1459 1878 studij,
1484 1811 1620 1876 quelli
1644 1812 1727 1858 che
1751 1811 1936 1858 nissuno

304 1884 445 1931 modo
475 1902 591 1932 sono
623 1885 701 1932 atti
734 1885 774 1931 al
807 1886 983 1945 studio,
1015 1886 1088 1934 all'
1120 1887 1233 1934 hora
1263 1903 1464 1951 pensano
1494 1902 1636 1933 essere
1665 1884 1767 1942 atti,
1798 1895 1843 1932 et
1874 1884 1936 1949 gli

303 1963 419 2008 dura
443 1961 592 2025 quella
617 1960 806 2008 fantasia
831 1961 1021 2026 qualche
1045 1962 1307 2020 settimane,
1331 1979 1418 2008 con
1442 1962 1598 2009 danno
1622 1977 1705 2007 suo
1729 1970 1774 2006 et
1797 1960 1936 2007 dissa-

304 2035 381 2099 gio
405 2035 475 2082 del
501 2035 708 2100 collegio.
744 2036 807 2082 Et
838 2053 918 2099 per
951 2037 1100 2101 Praga
1131 2053 1237 2100 pare
1268 2035 1524 2083 sarebbono
1556 2036 1659 2093 atti,
1683 2051 1764 2098 per
1792 2051 1935 2082 essere

304 2110 487 2173 giouani
513 2110 654 2157 buoni
681 2120 727 2157 et
752 2111 972 2171 modesti,
997 2123 1042 2158 et
1065 2111 1140 2176 gia
1164 2111 1361 2158 Alberto
1386 2111 1536 2158 tienne
1560 2110 1685 2157 buon
1710 2109 1958 2174 principio(

304 2183 420 2232 della
444 2184 597 2248 lingua
621 2185 877 2249 germanica
897 2184 926 2234 ³.

372 2259 446 2305 De
475 2259 551 2307 M.
584 2259 887 2323 Xpophoro.,
914 2259 1234 2307 diffusamente
1265 2261 1310 2306 n'
1336 2259 1397 2306 ho
1427 2259 1606 2318 scritto,
1629 2269 1675 2305 et
1704 2258 1749 2305 di
1780 2257 1931 2322 quello

306 2335 518 2382 ordinara
544 2335 601 2382 V.
625 2335 678 2383 P.
704 2350 876 2400 quanto
901 2334 961 2398 gli
988 2336 1147 2398 parera
1170 2351 1252 2398 per
1277 2333 1485 2398 maggior
1509 2333 1652 2398 gloria
1675 2332 1746 2380 del
1770 2333 1931 2396 Signo-

307 2426 376 2467 re,
401 2410 598 2456 secondo
628 2426 711 2456 suo
741 2409 889 2457 solit0.
920 2408 1144 2455 Giacomo
1170 2408 1340 2455 Tilano
1373 2408 1502 2471 puoi,
1528 2407 1750 2471 potrebbe
1781 2406 1863 2454 far'
1890 2406 1930 2452 al

306 2484 558 2547 proposito,
585 2501 666 2547 per
689 2500 832 2530 essere
859 2496 1027 2547 troppo
1053 2484 1195 2530 inetto
1219 2483 1276 2530 ad
1300 2493 1458 2546 questa
1482 2482 1637 2546 lingua
1660 2481 1860 2541 italiana,
1886 2492 1932 2528 et

306 2573 400 2602 non
424 2556 519 2603 fare
548 2574 638 2622 qua
669 2569 797 2604 tanto
826 2558 972 2605 frutto
1004 2558 1118 2605 nelle
1150 2558 1324 2614 lettere,
1349 2574 1478 2604 come
1510 2555 1630 2604 forse
1660 2557 1835 2604 altroue
1864 2555 1930 2602 fa-

305 2632 464 2689 rebbe;
491 2632 515 2679 e
541 2634 651 2696 pero
683 2632 965 2680 buonissimo
996 2634 1212 2698 giouane,
1236 2644 1281 2680 et
1308 2633 1420 2679 hora
1450 2632 1594 2680 molto
1618 2631 1795 2690 diuoto‚
1820 2630 1930 2678 ube-

305 2708 470 2765 diente,
495 2720 540 2755 et
564 2705 823 2756 desideroso
847 2710 903 2757 de
928 2709 1280 2757 mortificationi.

363 2853 375 2879 ¹
435 2855 491 2892 Ex
513 2857 751 2904 autographo
771 2858 810 2893 in
830 2859 904 2896 vol.
926 2858 969 2901 F,
990 2858 1134 2905 duplici
1154 2857 1259 2904 folio,
1281 2867 1315 2894 n.
1340 2867 1400 2903 20,
1421 2857 1526 2903 prius
1547 2857 1610 2904 96.

354 2916 370 2941 2
427 2918 519 2965 Apti
541 2920 719 2956 nimirum
740 2921 835 2956 socii
859 2921 906 2956 ad
928 2921 1131 2967 collegium
1153 2930 1360 2967 pragense,
1383 2920 1486 2966 quod
1505 2920 1579 2956 hoo
1599 2919 1684 2965 ipso
1705 2926 1804 2954 anno
1823 2915 1928 2954 insti·

302 2983 426 3016 tutum
447 2981 628 3018 est-De
650 2982 765 3018 sociis
793 2986 938 3028 autem,
961 2983 1026 3029 qui
1054 2983 1138 3019 heic
1165 2988 1441 3029 memorantur,
1463 2992 1594 3018 rursus
1618 2981 1756 3017 deinde
1783 2983 1926 3026 agetur.

355 3040 371 3066 ³
428 3043 612 3081 Attamen
632 3045 877 3081 Lambertum
893 3046 1146 3082 Leodiensem
1162 3045 1367 3082 Billomum
1384 3045 1430 3080 ab
1446 3044 1596 3092 Ignatio
1614 3047 1749 3090 postea
1769 3043 1927 3079 missum

303 3105 433 3153 fuisse,
456 3111 520 3143 «ut
541 3107 580 3143 in
598 3107 768 3145 inferiori
789 3108 918 3155 aliqua
939 3109 1062 3145 classe
1078 3108 1256 3145 doceret»
1277 3107 1393 3144 tradit
1411 3108 1617 3154 POLANCO,
1637 3111 1664 3145 t.
1681 3114 1738 3153 Vt,
1760 3116 1846 3153 pag.
1862 3115 1925 3152 30,

303 3179 339 3205 n.
362 3178 422 3216 79.
