2066 3516
756 239 810 278 -27
840 227 1084 266 DECEMBRIS
1115 239 1217 279 1555
1678 239 1752 278 145

167 337 275 394 leto,
317 336 377 382 R.
420 335 489 393 P.‚
535 334 694 399 tuique
740 334 1044 398 indignissimi
1086 333 1168 380 filii·
1206 333 1452 397 aliquando
1498 349 1677 379 memor
1713 349 1808 379 esse

163 410 381 475 digneris.
408 409 631 468 Viennae,
657 409 701 455 in
729 408 935 467 Austria,
955 409 1024 455 his
1043 407 1167 455 festis
1185 408 1397 455 natalitiis
1422 421 1558 470 1555.
1579 407 1809 472 Indignis-

163 485 312 531 simus
336 499 496 530 seruus
521 495 629 530 tuus
653 500 702 529 ac
726 483 859 542 filius,

984 547 1226 595 ERARDus
1263 548 1563 595 LEoDIENS1s
1584 547 1612 596 ¹.

234 651 494 712 Inscriptio:
532 650 654 696 Rdo.
688 650 732 695 in
775 649 962 696 Christo
992 649 1139 707 Patri,
1180 648 1240 695 D.
1286 649 1474 712 Ignatio
1516 649 1573 694 de
1613 647 1811 710 Loyola,

164 725 368 790 generali
394 725 627 771 Societatis
649 725 761 785 Jesu
787 723 1059 788 praeposito.
1090 724 1283 770 Romae.
1314 725 1422 770 Alia
1447 740 1594 769 manu:
1623 723 1718 769 R.ta
1740 723 1811 769 alli

170 815 230 861 23
256 801 302 848 di
329 800 500 846 Genn.⁰

926 974 1027 1008 102
1037 973 1063 1008 Β

693 1069 998 1106 BERNARDUS
1029 1068 1299 1106 OLNERIUS

495 1167 705 1214 PATRI
746 1164 1044 1213 IGNATIO
1080 1166 1177 1212 DE
1211 1165 1502 1213 LOYOLA

644 1272 822 1299 LovAmo
853 1272 903 1311 27
934 1271 1167 1298 DECEMBRIS
1198 1272 1216 1298 1
1223 1272 1245 1311 5
1250 1273 1271 1311 5
1277 1272 1299 1311 5
1319 1259 1349 1298 ².

177 1373 236 1412 Ne
258 1371 466 1408 flandricae
486 1371 710 1417 provinciae
734 1371 816 1417 ipse
834 1370 1029 1406 Oliverius
1050 1370 1098 1406 ab
1118 1370 1270 1417 Ignatio
1289 1370 1548 1417 praeficiatur,
1565 1371 1677 1407 enixe
1692 1375 1818 1418 rogat.

989 1503 998 1526 4

244 1563 343 1609 Pax
365 1561 445 1609 X.i
467 1562 628 1608 Molto
652 1563 775 1609 Rdo.
804 1563 848 1608 in
878 1561 963 1610 X.⁰
984 1563 1146 1611 Padre.
1170 1563 1245 1609 Mi
1270 1564 1327 1609 ha
1348 1564 1479 1611 detto
1498 1565 1593 1612 M.⁰
1615 1565 1770 1612 Pietro
1791 1564 1821 1624 ³,

174 1638 259 1684 che
283 1654 440 1684 screue
467 1655 491 1683 a
516 1638 578 1685 V.
602 1638 663 1683 R.
693 1654 830 1700 sopra
853 1638 880 1683 il
907 1638 1185 1701 prouinciale
1209 1655 1292 1702 per
1312 1638 1350 1684 F
1354 1639 1526 1686 iandra:
1554 1640 1597 1686 io
1621 1641 1822 1686 scriuero

178 1725 247 1759 tre
274 1712 446 1775 parolle
478 1712 524 1758 di
557 1711 730 1775 quello,
758 1729 849 1758 non
875 1729 957 1775 per
993 1713 1078 1759 dar
1108 1730 1288 1776 parere,
1315 1730 1390 1759 ma
1421 1714 1560 1760 auiso.
1588 1715 1688 1761 Che
1713 1732 1823 1762 vero

179 1789 205 1833 e
234 1787 318 1833 che
350 1803 534 1850 sempre
570 1787 631 1833 mi
670 1788 694 1832 ἐ
729 1804 862 1850 parso
893 1787 1005 1833 vtile
1037 1788 1082 1834 di
1118 1787 1279 1834 hauer'
1309 1788 1501 1852 qualche
1531 1790 1576 1836 d'
1610 1807 1718 1847 uno,
1751 1790 1822 1836 chi

179 1861 347 1909 habbia
370 1862 412 1907 la
449 1862 871 1925 superintendentia
902 1879 1039 1925 sopra
1063 1862 1170 1908 tutti
1197 1862 1224 1908 li
1250 1862 1365 1919 altri,
1391 1864 1601 1910 massime
1627 1865 1710 1910 che
1734 1882 1824 1928 qua

176 1953 272 1983 non
303 1936 577 1999 seguitiamo
612 1935 760 1982 molto
794 1936 822 1981 il
855 1936 1015 1999 spirito
1046 1949 1091 1982 et
1121 1936 1262 1983 modo
1286 1936 1404 1983 della
1429 1937 1722 2002 Compagnia
1752 1939 1822 1984 nel

175 2012 437 2058 conuersar'
464 2021 509 2056 et
540 2011 699 2056 alcune
734 2010 846 2056 altre
869 2022 1054 2058 cosette.
1086 2010 1172 2056 Ma
1200 2010 1244 2057 io
1270 2028 1362 2057 non
1389 2012 1451 2059 ho
1476 2012 1596 2058 visto
1627 2013 1671 2058 ni
1706 2013 1823 2060 vedo

181 2085 342 2131 alcuna
366 2101 565 2148 persona
589 2085 635 2131 di
662 2101 774 2148 qua,
799 2085 870 2131 chi
896 2101 1122 2148 cognosca
1151 2085 1179 2130 il
1206 2085 1348 2132 modo
1372 2086 1417 2132 di
1443 2086 1678 2149 proceder’
1704 2086 1823 2134 della

179 2159 485 2223 Compagnia,
507 2170 553 2205 et
575 2159 658 2205 che
677 2158 845 2205 habbia
869 2159 897 2204 il
922 2159 1095 2205 credito
1119 2171 1164 2205 et
1187 2159 1419 2205 authorita
1443 2177 1626 2222 apresso
1650 2160 1677 2206 li
1705 2161 1819 2207 altri.

184 2234 248 2280 Et
270 2235 440 2298 perche
478 2235 572 2281 M.⁰
597 2234 751 2280 Pietro
782 2233 827 2280 fa
861 2234 1093 2280 mentione
1117 2234 1163 2280 di
1187 2250 1282 2293 me,
1307 2234 1406 2280 solo
1429 2235 1533 2281 diro
1566 2235 1649 2281 che
1674 2235 1730 2281 V.
1759 2235 1820 2282 R.

180 2320 321 2372 tropo
354 2325 578 2373 cognosce
608 2308 649 2355 le
685 2309 775 2355 mie
805 2306 1171 2371 imperfectione,
1195 2319 1242 2354 et
1270 2309 1483 2355 massime
1514 2309 1556 2355 la
1588 2308 1820 2372 pusillani—

183 2383 297 2429 mita
329 2395 375 2429 et
410 2384 711 2447 dapocagine,
747 2383 830 2429 che
863 2383 944 2446 piu
978 2393 1133 2445 presto
1165 2382 1275 2446 ogni
1308 2383 1357 2430 di
1393 2383 1428 2429 si
1461 2395 1721 2447 augmenta.
1758 2383 1822 2430 Et

183 2539 388 2586 habebant,
409 2539 615 2586 praecipue
635 2539 825 2585 Andreas,
847 2538 911 2585 qui
934 2543 1016 2574 tota
1037 2538 1335 2585 quadragesima
1361 2550 1462 2586 aqua
1482 2550 1575 2576 usus
1596 2540 1732 2587 fuerat,
1754 2541 1820 2587 qui

184 2605 300 2648 potus
319 2612 398 2638 non
417 2601 578 2648 perinde
599 2601 806 2648 germanis,
822 2601 948 2647 belgis
968 2604 1083 2647 atque
1103 2601 1282 2638 lusitanis
1302 2602 1524 2640 convenit».

195 2673 203 2677 ’
236 2661 251 2687 ¹
308 2663 375 2700 Sic
397 2675 420 2699 a
438 2664 564 2710 patria
584 2664 724 2700 dicitur
743 2673 871 2709 saepe,
893 2663 958 2709 qui
978 2662 1468 2710 Avantianus‚1atinonum
1486 2674 1604 2711 more,
1620 2665 1817 2711 cognomi·

184 2730 308 2773 natur,
327 2737 398 2773 pro
417 2727 596 2764 Dawant.
618 2727 837 2763 Videantur
864 2726 1036 2773 ejusdem
1056 2723 1157 2764 Litt.
1183 2723 1363 2775 Quadr„
1389 2731 1417 2766 t.
1436 2736 1494 2774 111,
1520 2739 1611 2775 pag.
1633 2723 1819 2776 710·714)

186 2789 236 2828 26
254 2789 492 2836 Decembris,
517 2798 630 2838 1555.

236 2846 255 2873 ἵ
307 2850 368 2894 Ex
386 2852 630 2898 autographo
651 2851 691 2887 in
710 2851 787 2887 vol.
816 2847 918 2888 Litt.
946 2846 1178 2898 Quadrim.
1209 2847 1340 2900 1556,
1371 2851 1517 2897 duplici
1538 2851 1644 2898 folio,
1664 2862 1702 2890 n.
1726 2863 1814 2899 204,

186 2912 294 2961 prius
314 2924 403 2962 293,
426 2924 517 2961 294·

238 2972 254 2998 ³
309 2976 350 3014 P.
369 2976 503 3012 Petrus
522 2976 570 3013 de
591 2975 860 3022 Rivadeneira,
882 2975 948 3022 qui
969 2975 1017 3012 26
1036 2974 1263 3012 Decembris
1281 2984 1381 3024 1555
1398 2977 1549 3024 Ignatio
1564 2979 1611 3015 de
1626 2978 1821 3014 sociorum

186 3039 289 3074 statu
309 3040 347 3074 et
365 3038 589 3074 conditione
611 3038 650 3074 in
670 3037 866 3083 mandria,
887 3037 1055 3074 maxime
1077 3047 1170 3074 vero
1190 3037 1238 3074 de
1258 3037 1431 3075 Adriano
1450 3039 1746 3086 Adriaenssens,
1763 3040 1820 3076 di-

184 3098 348 3146 ligenter
365 3100 536 3147 scripsit.

308 3180 486 3214 Ena-ron:
508 3181 662 3220 ΜικτΑι,
685 3191 769 3213 τοΜ.
793 3193 823 3214 v.
1661 3192 1698 3213 ιο
