2008 3510
310 258 388 308 676
774 256 1010 295 Emsromss
1038 257 1368 307 Mummi—1278

255 363 312 408 sit
335 362 452 408 inter
475 362 707 408 dexteram
727 372 772 408 et
796 363 1037 420 sinistram,
1057 363 1195 427 idque
1214 363 1537 431 ni'miass(proch
1557 362 1712 423 dolor)
1734 373 1887 425 pasto-

255 453 358 481 rum
383 436 554 482 incuria
577 448 622 482 et
645 436 884 499 imperitia,
910 437 1004 501 qui,
1036 438 1163 501 quod
1192 453 1486 500 summopere
1519 436 1770 483 dolendum
1802 449 1884 494 est,

256 512 398 575 magis
423 523 611 575 pascunt
635 513 917 576 semetip808‚
942 530 1081 577 quam
1106 514 1319 577 gregem?
1352 513 1452 559 Nec
1478 512 1581 558 huic
1614 511 1733 557 malo
1767 511 1887 558 aliud

254 586 439 633 inuenio
462 587 733 646 remedium,
762 604 899 651 quam
927 598 976 634 vt
1005 587 1190 634 illorum
1221 587 1367 633 vicem
1392 587 1437 632 in
1470 586 1681 633 docendo
1713 585 1887 649 populo

253 660 387 707 obeat
412 678 761 725 nonnumquam
787 661 913 718 alter,
938 661 1008 707 cui
1036 661 1211 707 muneri
1239 661 1448 707 omnium
1484 676 1692 706 meorum
1718 660 1887 706 iudicio

254 734 402 797 aptior
421 735 569 781 nullus
592 747 658 781 est
679 735 752 781 M.
772 730 967 782 Nicolao
986 746 1080 782 tuo.
1106 735 1297 781 Horum
1316 737 1458 798 queso
1478 735 1701 780 rationem
1722 733 1888 780 habere

252 809 451 872 digneris
474 822 519 855 et
542 809 626 872 piis
653 809 819 855 nostris
846 826 1147 873 meorumque
1171 809 1342 855 ciuium
1367 820 1412 855 et
1442 807 1733 855 subditorum
1767 808 1887 855 votis

252 882 511 940 satisfacias;
537 884 701 941 immo,
729 901 819 930 non
853 884 978 942 meis,
1010 885 1087 930 sed
1120 885 1222 941 Dei,
1255 884 1332 947 qui
1365 883 1483 930 forte
1514 884 1595 930 hec
1625 900 1671 929 se
1702 900 1784 947 per
1816 900 1889 930 me

252 957 372 1003 orari
396 957 557 1014 voluit,
584 970 634 1004 vt
671 957 807 1004 etiam
840 976 863 1004 e
891 958 1046 1004 Roma
1077 957 1226 1021 petitis
1257 958 1521 1004 doctoribus
1552 958 1612 1004 sic
1643 974 1726 1004 suo
1756 957 1887 1022 gregi

253 1042 543 1094 prospiceret.

318 1106 406 1152 Sed
426 1106 538 1170 quid
559 1106 713 1152 multis
735 1117 859 1151 tuam
881 1106 1243 1153 dominationem
1258 1107 1656 1169 occupatissimam
1677 1107 1884 1154 detineo?

254 1180 366 1226 Non
408 1180 568 1227 diffido
609 1179 840 1227 facturum
876 1192 939 1238 te,
976 1197 1066 1245 qua
1098 1198 1144 1228 es
1177 1180 1344 1244 pietate
1381 1180 1428 1226 in
1472 1197 1646 1238 omnes,
1691 1180 1890 1227 maxime

253 1266 403 1301 autem
430 1255 475 1301 in
501 1255 689 1302 afflictos
718 1267 763 1302 et
788 1256 973 1314 viduas,
998 1274 1022 1302 e
1054 1273 1250 1320 quarum
1278 1273 1472 1302 numero
1497 1273 1569 1302 me
1595 1273 1782 1320 quoque
1809 1273 1891 1303 vo-

253 1329 336 1376 luit
374 1330 503 1376 Deus
537 1347 646 1387 esse,
678 1342 723 1376 et
756 1331 800 1376 in
839 1325 997 1393 primis
1033 1331 1078 1377 in
1112 1347 1203 1388 eos,
1230 1331 1397 1395 quibus
1434 1347 1728 1394 summopere
1764 1330 1891 1378 dolet

253 1404 380 1467 quod
399 1404 510 1451 fides
533 1415 578 1451 et
597 1405 704 1463 vita,
725 1404 888 1468 xpiane
908 1404 1010 1452 fidei
1030 1405 1184 1469 digna,
1205 1405 1266 1452 sic
1285 1404 1527 1469 neglectim
1548 1405 1718 1470 vbique
1733 1405 1888 1452 iaceat.

253 1478 441 1525 Vtinam
467 1496 523 1525 ex
547 1480 713 1525 horum
741 1496 934 1525 numero
962 1479 1069 1537 sim,
1097 1490 1147 1526 vt
1176 1496 1270 1525 esse
1295 1479 1457 1527 debeo,
1484 1479 1613 1525 Deus
1643 1490 1737 1542 opt.
1768 1495 1887 1525 max.

254 1564 379 1599 tuam
408 1553 466 1599 R.
495 1554 546 1600 P.
574 1554 654 1600 diu
676 1564 829 1599 seruet
852 1553 1142 1600 incolumem.
1172 1554 1247 1600 Ex
1267 1554 1430 1600 Castro
1457 1564 1614 1600 nostro
1633 1553 1888 1600 Woudano

254 1633 316 1687 3.⁸
346 1627 613 1674 Decembris
650 1631 786 1690 1548.
822 1628 955 1674 Tuae
990 1628 1314 1675 dominationis
1346 1628 1639 1675 deuotissima
1674 1627 1721 1674 in
1757 1628 1888 1691 Xpo.

254 1701 359 1760 filia,

1204 1767 1397 1827 JACOBA
1438 1783 1498 1814 DE
1534 1768 1695 1816 Caov.

320 1860 579 1922 Inscriptio:
616 1860 648 1920 -ζ-
686 1859 1087 1906 Reuerendissimo
1133 1859 1178 1905 in
1226 1860 1355 1923 Xpo.
1406 1859 1531 1906 Patri
1580 1876 1629 1905 ac
1675 1858 1889 1916 domino,

256 1933 317 1980 D.
345 1933 524 1997 Ignatio
548 1934 607 1980 de
634 1933 806 1992 Laiola‚
834 1933 1065 1979 Societatis
1090 1933 1285 1979 nominis
1313 1933 1424 1994 Jesu
1449 1933 1661 1997 praesidi.
1691 1933 1888 1980 Romae.

187 1997 195 2005 ’
256 2009 304 2055 A
322 2018 458 2072 tergo:
489 2007 823 2054 Marchionissa
846 2007 902 2054 de
928 2007 1102 2071 BergiS.

1007 2163 1147 2236 1229

827 2287 1054 2324 JOANNES
1083 2288 1151 2324 DE
1178 2287 1321 2324 VEGA

556 2375 768 2422 PATRI
817 2375 1115 2422 IGNATIO
1162 2375 1255 2422 DE
1302 2373 1586 2420 LOYOLA

722 2479 912 2505 PANORMO
943 2469 991 2507 28
1021 2479 1237 2506 FEBRUARII
1271 2479 1370 2518 1549
1402 2465 1431 2504 ¹.

263 2575 414 2611 Gaudet
433 2575 479 2610 de
501 2575 666 2610 adventu
686 2574 807 2610 Patris
828 2574 1240 2612 Lainez.—Ele0nora
1260 2573 1398 2610 Osorio
1419 2573 1663 2609 incommoda
1683 2572 1802 2608 utitur
1823 2582 1891 2608 va-

316 2636 778 2682 letudine.—Collegium
805 2648 1050 2674 messanense
1078 2638 1351 2673 incrementum
1379 2635 1557 2681 suscipit:
1587 2635 1681 2671 socii
1712 2637 1816 2670 recte
1848 2645 1891 2670 se

316 2703 463 2745 gerunt.
1059 2750 1091 2802 -Ι-

281 2902 283 2905 ⁴
335 2840 458 2902 Muy
486 2839 610 2886 Rdo.
636 2842 768 2884 serior
796 2839 954 2886 Padre.
984 2840 1147 2886 Recibi
1183 2839 1222 2884 la
1253 2850 1374 2885 carta
1406 2855 1494 2902 que
1529 2837 1590 2885 V.
1627 2838 1688 2884 R.
1721 2854 1794 2883 me
1824 2852 1891 2882 es-

264 2914 407 2960 criui6
432 2914 488 2960 de
515 2918 677 2976 veynte
702 2931 728 2975 y
754 2931 899 2960 nueve
923 2914 980 2961 de
1006 2912 1308 2971 Deziembre,
1339 2930 1367 2975 y
1394 2912 1431 2959 le
1465 2924 1604 2975 tengo
1636 2928 1691 2958 en
1726 2910 1892 2957 mucha

320 3059 333 3084 ¹
390 3062 446 3098 Ex
466 3061 644 3108 originali
666 3060 704 3096 in
724 3061 798 3097 vol.
820 3057 954 3110 Epist.
969 3057 1227 3110 principum,
1249 3059 1391 3105 duplici
1414 3058 1519 3105 folio,
1541 3068 1576 3094 n.
1598 3068 1657 3106 19,
1675 3057 1779 3104 prius
1800 3057 1889 3103 605,

266 3125 303 3160 in
325 3125 482 3171 antiquo
502 3124 704 3170 tabulario,
726 3123 755 3160 C
775 3132 861 3160 XVI.
884 3125 918 3161 8.
945 3127 982 3160 et
1001 3124 1042 3160 B.
1064 3124 1101 3161 8.
