2014 3528
296 255 371 302 326
761 251 996 288 Emsromss
1027 251 1270 289 Mlx‘rAE—-1
1285 263 1356 302 137

990 433 1013 465 ί
1026 433 1047 465 1
1059 432 1124 466 3⁴2

741 518 1048 556 CONVENTUS
1078 519 1374 558 CALLIENSIS

558 608 773 654 PATRI
811 607 1107 654 IGNATIO
1145 607 1240 653 DE
1275 607 1557 655 LOYOLA

789 711 937 737 GALLIO
970 710 1017 749 17
1047 710 1134 745 MAJI
1169 701 1269 750 1556
1302 698 1326 737 ¹.

468 801 584 846 Optat
605 800 743 836 civitas
764 803 805 835 ut
825 799 1033 836 Societatis
1055 799 1260 846 collegium
1282 799 1394 836 Callii
1415 801 1648 838 instituatur.

306 904 463 951 Molto
496 904 617 951 Rdo.
656 904 815 951 Padre.
858 905 1033 966 Questa
1070 904 1199 961 citta,
1238 904 1428 951 inuitata
1463 905 1580 952 dalla
1604 922 1714 969 gran
1754 905 1875 954 fama

239 980 356 1026 della
391 979 543 1025 buona
578 979 669 1024 vita
699 990 743 1024 et
780 979 892 1024 santi
933 978 1126 1024 instituti
1165 978 1282 1025 della
1313 990 1467 1025 vostra
1506 981 1874 1043 congregatione,

237 1055 341 1100 anzi
372 1054 587 1117 inspirata
623 1053 696 1100 dal
733 1054 950 1117 Signore‚
987 1054 1010 1099 ἐ
1035 1054 1206 1105 intrata
1240 1054 1284 1099 in
1317 1053 1541 1100 desiderio
1572 1055 1875 1119 grandissimo

238 1130 282 1175 d'
302 1129 466 1174 hauere
499 1128 628 1174 anch'
654 1145 748 1174 essa
781 1145 804 1173 a
835 1140 1099 1191 reportarne
1131 1129 1189 1175 da
1220 1128 1273 1174 lei
1307 1129 1454 1193 quella
1485 1127 1762 1176 satisfatione
1793 1131 1875 1177 che

238 1204 271 1249 s’
292 1203 475 1249 intende
502 1203 666 1249 hauere
693 1214 1002 1249 nuouamente
1027 1203 1196 1249 hanuta
1221 1203 1319 1249 altri
1347 1203 1526 1267 luoghi,
1553 1203 1693 1250 nostri
1717 1204 1870 1252 vicini.

241 1278 303 1324 Et
334 1295 413 1341 per
443 1278 513 1323 cio
547 1294 626 1340 per
658 1277 837 1340 publica
868 1277 1192 1324 deliberatione
1217 1277 1251 1323 s'
1271 1278 1295 1324 ἐ
1320 1288 1534 1325 ottenuto
1564 1279 1609 1325 di
1641 1277 1736 1325 fare
1764 1280 1873 1343 ogni

238 1369 376 1414 opera
399 1368 484 1397 con
513 1351 552 1397 la
581 1352 638 1398 R.
666 1351 740 1408 V.,
768 1368 848 1414 per
871 1364 1051 1398 ottener
1076 1352 1133 1399 da
1158 1352 1210 1399 lei
1237 1364 1398 1417 questo
1430 1351 1607 1412 fauore,
1634 1370 1712 1416 per
1742 1353 1874 1400 disci-

240 1426 361 1489 plina
384 1427 440 1473 de
467 1427 607 1473 nostri
640 1426 795 1490 figlioli
813 1464 824 1484 ‚
851 1427 894 1472 in
923 1426 1095 1472 honore
1117 1438 1163 1473 et
1187 1427 1318 1474 laude
1350 1427 1466 1474 della
1498 1429 1667 1474 maesta
1697 1428 1872 1477 diuina.

242 1501 303 1548 Et
324 1500 566 1547 habbiamo
585 1501 754 1565 scripto
773 1501 812 1547 al
840 1502 1083 1565 magnifico
1112 1502 1181 1548 M.
1209 1501 1452 1548 Giouanne
1475 1502 1740 1559 Simonetta,
1766 1519 1872 1566 gen-

242 1577 434 1623 tilhomo
459 1576 576 1623 della
602 1586 755 1622 nostra
773 1576 895 1633 citta,
923 1578 1033 1622 hora
1058 1576 1382 1623 ambasciatore
1407 1576 1629 1622 residente
1648 1577 1692 1622 in
1723 1578 1876 1623 Roma

243 1668 322 1714 per
355 1650 546 1696 l’Illmo.
580 1661 625 1696 et
656 1650 840 1696 Eccmo.
877 1651 1058 1714 signore
1088 1652 1201 1697 duca
1237 1663 1413 1708 nostro,
1445 1651 1527 1696 che
1559 1667 1639 1714 per
1670 1665 1796 1713 parte
1829 1651 1874 1698 di

241 1737 397 1787 questa
428 1725 663 1771 comunita
694 1742 898 1788 esponga
928 1737 1055 1771 tanto
1089 1743 1172 1771 suo
1205 1725 1428 1772 desiderio
1461 1724 1545 1770 alla
1574 1725 1630 1771 R.
1660 1725 1741 1783 V.,
1767 1737 1812 1772 et
1838 1726 1877 1772 la

242 1799 400 1863 preghi
421 1815 506 1845 con
533 1799 727 1845 efficacia
746 1816 769 1844 a
788 1800 1101 1863 compiacerla.
1123 1800 1190 1846 La
1210 1817 1430 1864 pregamo
1451 1801 1677 1864 adonque,
1703 1813 1876 1864 quanto

242 1875 321 1937 pisi
347 1885 659 1921 strettamente
687 1891 877 1939 pregare
910 1875 949 1921 la
982 1876 1209 1938 potiamo,
1238 1876 1294 1922 ad
1319 1893 1437 1923 esser
1460 1886 1675 1922 contenta
1705 1876 1749 1923 di
1774 1893 1876 1939 pre-

241 1960 358 1995 stare
383 1948 515 2012 piena
541 1948 644 1995 fede
675 1950 713 1995 al
740 1948 918 2013 prefato
951 1951 1108 2014 signor
1142 1950 1467 1997 ambasciatore
1499 1951 1543 1997 in
1569 1962 1692 1998 tutto
1723 1950 1877 2014 quello

242 2025 323 2070 che
343 2024 527 2070 intorno
548 2041 571 2070 a
590 2025 662 2070 cio
685 2024 712 2070 l'
731 2027 917 2087 esporra
937 2042 960 2070 a
981 2042 1117 2071 nome
1135 2037 1305 2082 nostro,
1322 2037 1366 2072 et
1385 2042 1408 2071 a
1427 2025 1539 2072 darli
1560 2024 1706 2089 quella
1726 2025 1879 2072 buona

242 2099 516 2145 resolutione
540 2099 622 2145 che
646 2099 931 2146 desideramo
956 2112 1001 2146 et
1025 2117 1234 2164 speramo
1259 2100 1375 2147 dalla
1400 2100 1541 2146 bonta
1565 2099 1680 2146 della
1710 2101 1768 2148 R.
1796 2100 1876 2156 V;‚

242 2174 323 2220 che
344 2185 464 2220 tutto
489 2175 847 2220 ricono'sceremo
867 2192 890 2220 a
910 2175 1138 2239 singulare
1164 2173 1321 2221 fauore
1339 2186 1383 2221 et
1403 2174 1547 2238 gratia
1565 2174 1683 2220 dalla
1709 2176 1878 2221 maesta

243 2249 287 2295 d'
315 2248 448 2295 Iddio
474 2259 519 2294 et
546 2248 663 2295 dalla
695 2249 752 2294 R.
782 2249 862 2306 V.,
890 2249 971 2295 alle
1004 2250 1073 2296 cui
1100 2251 1266 2296 deuote
1296 2249 1489 2295 orationi
1524 2266 1581 2295 ne
1613 2265 1877 2295 raccoman-

244 2325 384 2372 darno
409 2342 609 2388 sempre,
640 2336 685 2371 et
709 2325 753 2371 in
779 2337 952 2389 quanto
987 2325 1193 2388 potiamo
1221 2341 1301 2388 per
1325 2325 1352 2370 li
1379 2324 1548 2389 seruitij
1576 2335 1621 2370 et
1643 2323 1877 2370 commodi

244 2401 341 2446 suoi
374 2418 428 2446 ne
460 2400 498 2446 le
529 2400 750 2447 offeremo
770 2399 799 2447 ².
837 2402 893 2447 Di
929 2400 1059 2465 Cagli
1088 2401 1114 2447 li
1148 2415 1199 2462 17
1228 2400 1272 2447 di
1310 2399 1507 2463 Maggio
1533 2398 1607 2446 del
1637 2399 1710 2461 56.
1744 2397 1899 2453 Della,

250 2475 308 2523 R.
335 2475 396 2522 V.
426 2474 847 2531 affectionatissimi,

710 2559 761 2604 ΙΙ,
800 2574 1180 2604 CONFALomi-:Ro
1219 2574 1276 2604 ET
1314 2573 1478 2604 PRIORI
1519 2573 1567 2603 DI
1604 2556 1777 2603 CAGLI.

304 2695 315 2720 ¹
373 2698 429 2733 Ex
450 2697 628 2743 orIginali
649 2697 688 2732 in
709 2698 784 2733 vol.
808 2698 847 2743 F,
870 2697 1013 2743 duplici
1039 2697 1143 2742 folio,
1166 2707 1200 2732 n.
1228 2696 1312 2742 178,
1335 2696 1441 2741 prius
1461 2706 1522 2742 34.

301 2757 317 2782 2
373 2760 562 2796 Adhibuit
588 2761 686 2796 hanc
713 2760 915 2806 epistolam
938 2761 1144 2804 POLANCO‚
1173 2764 1207 2805 t„
1226 2767 1288 2804 VI,
1319 2769 1403 2805 pag.
1433 2769 1495 2806 71,
1524 2769 1561 2796 n.
1585 2769 1673 2803 221,
1694 2757 1759 2793 ubi
1786 2756 1878 2792 scri-

250 2826 356 2869 ptum
384 2823 555 2869 reliquit:
582 2823 738 2859 <Mense
766 2823 909 2870 Majo...
939 2823 1106 2869 Legatus
1126 2822 1244 2858 Ducis
1262 2822 1397 2857 Urbini
1419 2822 1466 2857 de
1493 2821 1658 2867 collegio
1686 2821 1724 2856 in
1743 2820 1876 2855 urbem

250 2887 331 2932 ejus
352 2885 529 2931 ditionis,
551 2886 705 2922 nomine
728 2886 857 2932 Cagli‚
879 2887 1067 2923 mittendo
1089 2895 1173 2922 cum
1195 2886 1235 2922 P.
1260 2885 1406 2932 [gnatio
1428 2885 1522 2931 egit,
1546 2889 1582 2920 et
1602 2885 1650 2920 de
1675 2895 1714 2920 re
1742 2884 1876 2920 eadem

251 2948 465 2994 Episcopus
481 2949 617 2984 Urbini
638 2953 675 2984 et
696 2949 858 2994 ipsamet
880 2949 1016 2985 civitas
1033 2948 1239 2995 cagliensis
1256 2948 1420 2994 scripsit,
1437 2947 1663 2994 significans
1679 2957 1719 2983 se
1736 2956 1876 3000 magno

250 3011 439 3047 desiderio
462 3011 580 3047 teneri
603 3011 767 3047 fructum
789 3012 955 3058 aliquem
979 3023 1024 3048 ex
1044 3011 1242 3048 laboribus
1262 3010 1456 3056 capiendi,
1480 3014 1516 3046 et
1539 3010 1591 3046 ita
1611 3009 1766 3056 publica
1786 3009 1878 3044 deli-

251 3073 448 3109 beratione
470 3074 663 3109 decretum
688 3073 790 3119 apud
811 3074 915 3119 ipsos
937 3074 1066 3121 fuisse,
1089 3078 1129 3110 ut
1150 3073 1253 3110 omni
1273 3073 1401 3109 studio
1422 3072 1627 3119 collegium
1649 3071 1697 3107 ad
1717 3081 1757 3107 se
1780 3070 1877 3106 mitti

251 3138 445 3181 curarent,
473 3146 496 3171 a
525 3146 601 3183 quo
633 3135 804 3182 ipsorum
834 3136 1016 3183 juventus
1047 3136 1295 3172 excoleretur.
1328 3134 1405 3171 Sed
1433 3134 1610 3171 satisfieri
1641 3143 1774 3170 eorum
1803 3132 1878 3180 piis
