2008 3510
333 251 409 289 724
801 238 1035 277 EPISTOLAE
1062 238 1393 290 M1xTAE-1299

275 360 435 390 omnes
466 354 591 389 tanta
622 343 710 389 Dei
744 343 982 407 largitione
1013 344 1069 390 ad
1102 344 1240 408 ipsius
1278 344 1366 390 Dei
1398 344 1591 408 gloriam
1635 354 1680 391 et
1721 344 1913 391 salutem

275 419 534 464 animarum
557 435 744 464 suarum
771 417 1050 466 fruerentur.

340 493 514 539 Missus
539 510 724 556 quoque
750 506 818 539 est
844 492 985 539 frater
1010 493 1213 557 quidam,
1240 494 1425 540 nomine
1445 493 1635 539 Marcus
1659 492 1911 557 Georgius,

275 568 319 614 in
345 568 479 613 sacris
503 567 755 613 canonibus
783 568 1075 614 mediocriter
1098 567 1327 624 eruditus,
1352 568 1396 613 in
1423 567 1648 631 oppidum
1677 568 1911 631 quoddam

275 643 556 706 proximum,
582 642 755 689 dictum
789 644 1008 689 Monzon
1030 642 1057 699 ¹,
1084 655 1136 689 ut
1161 660 1328 706 pueros
1342 643 1518 700 doceat,
1545 642 1679 688 simul
1704 653 1751 688 et
1769 659 1914 688 sacer-

273 717 459 764 dotibus
505 718 785 764 summulam
827 718 1079 782 quamdam
1123 735 1312 763 casuum
1359 728 1575 780 exponat.
1625 717 1747 763 Cum
1790 717 1913 763 enim

274 792 323 838 P.
357 792 636 838 Emmanuel
669 792 882 838 Godinus
914 792 1190 838 Bracharam
1230 792 1436 847 adiisset,
1471 790 1723 854 postulavit
1763 791 1819 836 ab
1859 808 1913 837 eo

272 867 636 931 archiepiscopus
677 866 1020 913 bracharensis²
1053 878 1104 913 ut
1144 884 1242 912 eam
1284 866 1522 913 lectionem
1556 867 1600 912 in
1645 883 1698 912 eo
1738 867 1913 930 oppido

272 942 596 1002 sacerdotibus,
622 953 722 988 tum
749 942 906 988 incolis
930 954 1029 988 tum
1055 941 1282 999 finitimis,
1307 941 1363 988 ab
1390 942 1542 1005 aliquo
1567 940 1710 988 fratre
1726 941 1914 1006 juberet

272 1017 455 1080 exponi.
490 1017 601 1063 Non
631 1017 767 1063 credo
800 1034 965 1080 parum
997 1016 1219 1064 aedificari
1257 1017 1399 1073 civeS,
1440 1017 1553 1063 dum
1603 1033 1732 1075 eum,
1774 1034 1912 1081 quem

271 1092 579 1139 sacerdotibus
606 1092 842 1138 lectionem
868 1108 1098 1155 exponere
1129 1092 1298 1149 sciunt,
1330 1109 1411 1155 per
1443 1092 1568 1139 vicos
1608 1109 1775 1156 magna
1805 1110 1911 1139 cum

271 1166 527 1213 humilitate
552 1166 911 1213 tintinnabulum
930 1167 1187 1230 pulsantem
1209 1166 1366 1213 vident
1384 1178 1429 1212 et
1445 1166 1662 1230 parvulos
1684 1167 1741 1213 ad
1760 1167 1912 1214 dicen-

271 1243 329 1289 da
352 1260 416 1299 ea,
441 1259 557 1306 quae
579 1242 879 1288 christianum
906 1243 1017 1289 scire
1041 1252 1239 1306 oportet,
1264 1241 1552 1290 invitantem.

339 1317 518 1363 Fratres
556 1317 692 1381 aliqui
731 1318 791 1363 ob
833 1318 1070 1363 adversam
1110 1316 1422 1363 valetudinem
1463 1333 1520 1363 ex
1563 1316 1911 1363 conimbricensi

271 1391 462 1455 collegio
487 1392 543 1437 ad
578 1408 659 1437 nos
685 1403 931 1450 venerunt,
957 1391 1033 1455 qui
1061 1390 1206 1449 facile,
1231 1391 1383 1449 credo,
1409 1390 1626 1454 pristinae
1660 1389 1910 1436 valetudini

271 1466 582 1521 restituentur;
603 1466 697 1528 ipsa
721 1466 842 1511 enim
869 1466 951 1511 loci
975 1477 1136 1511 natura
1153 1478 1197 1511 et
1220 1465 1331 1511 situs
1351 1465 1407 1511 ad
1428 1481 1528 1511 eam
1551 1465 1910 1528 recuperandam

273 1558 364 1586 non
391 1557 553 1603 parum
580 1538 726 1586 facere
752 1540 968 1586 videntur
988 1539 1017 1595 ³;
1050 1541 1177 1604 quod
1201 1540 1297 1603 jam
1325 1556 1394 1585 res
1419 1539 1515 1602 ipsa
1541 1539 1737 1596 indicat;
1766 1538 1912 1584 multo

272 1615 393 1660 enim
421 1615 579 1660 melius
605 1615 788 1673 habent,
815 1626 1097 1678 quapropter
1122 1626 1167 1660 et
1192 1614 1301 1660 alios
1321 1614 1378 1660 ad
1405 1631 1486 1660 nos
1513 1625 1736 1660 venturos
1760 1630 1911 1678 spera-

275 1706 388 1736 muS.
416 1690 648 1735 Dominus
675 1701 826 1735 noster
847 1690 982 1749 Jesus
1007 1689 1216 1734 Christus
1248 1700 1375 1752 regat
1400 1705 1448 1734 ac
1474 1699 1689 1752 protegat
1713 1688 1912 1751 paterni-

274 1776 414 1810 tatem
439 1775 566 1810 tuam
592 1781 639 1809 ac
665 1763 795 1809 nobis
820 1763 1060 1810 obediendi
1088 1763 1282 1826 gratiam
1312 1775 1531 1825 praestet.
1562 1764 1729 1809 Amen.
1760 1763 1912 1810 Pridie

273 1839 481 1885 calendas
507 1840 673 1886 Maias.
699 1839 922 1902 Indignus
946 1839 1063 1885 filius
1089 1851 1210 1895 tum,

1122 1923 1424 1968 ALPHONsus
1462 1922 1714 1970 BARRETO.

328 2059 341 2084 ¹
399 2057 578 2107 Monfdo
598 2063 634 2095 et
655 2060 769 2095 etiam
790 2056 984 2105 lVIonsc‘l'o,
1007 2060 1045 2095 in
1068 2059 1236 2095 dioecesi
1259 2059 1496 2096 bracarensi.

328 2121 344 2146 2
398 2124 459 2159 Fr.
481 2123 684 2159 Balthasar
703 2123 852 2168 Limpo,
877 2123 920 2158 O.
943 2123 1066 2159 Carm.
1090 2122 1147 2159 Cf.
1168 2119 1303 2172 Epist.
1328 2119 1514 2167 Mixtae,
1536 2126 1562 2158 t.
1584 2130 1626 2167 11,
1648 2133 1736 2168 pag.
1758 2132 1848 2168 491.

328 2184 342 2209 3
397 2187 612 2222 Videantur
632 2187 678 2221 de
699 2186 771 2221 hac
792 2197 830 2221 re
851 2183 986 2235 Epist.
1009 2182 1190 2231 Mixtae,
1212 2190 1238 2222 t.
1259 2194 1300 2231 11,
1323 2196 1409 2231 pag.
1432 2193 1612 2233 405-410
1642 2189 1678 2220 et
1705 2195 1792 2237 pag.
1817 2195 1912 2231 434-

275 2251 370 2296 436,
401 2250 539 2296 quibus
566 2249 781 2284 confirmari
811 2249 925 2283 etiam
952 2253 1078 2294 potest
1107 2249 1206 2283 hanc
1234 2248 1436 2293 epistolam
1470 2258 1572 2283 anno
1603 2256 1697 2295 1551
1730 2247 1912 2293 scriptam

275 2313 412 2358 fuissc;
434 2323 542 2358 nam,
562 2315 605 2347 ut
624 2322 671 2347 ex
691 2311 767 2347 illis
789 2315 959 2356 constat,
982 2310 1139 2346 Barreto
1162 2311 1212 2345 ad
1234 2310 1440 2345 stationem
1465 2309 1536 2347 Sti.
1558 2309 1700 2345 Felicis
1722 2308 1914 2346 concessit

276 2386 406 2411 mense
425 2375 539 2410 Junio
561 2374 647 2409 anni
673 2382 786 2421 1550;
809 2373 897 2408 hinc
917 2383 1007 2408 vero
1032 2371 1199 2408 Eboram
1224 2373 1435 2408 translatus
1462 2376 1519 2407 est
1547 2382 1675 2408 mense
1697 2371 1911 2418 Septembri

277 2442 342 2474 aut
358 2437 516 2473 Octobri
536 2445 648 2484 1551,
665 2437 818 2471 ineunte
838 2435 986 2471 scilicet
1002 2435 1216 2470 studiorum
1234 2434 1439 2480 curricu103
1461 2431 1597 2484 Epist.
1619 2430 1800 2480 Mixtae,
1820 2438 1846 2470 t.
1868 2441 1910 2480 11,

275 2511 362 2546 pag.
388 2499 665 2546 619.——Igitur
693 2498 849 2533 unicum
880 2501 1050 2533 mensem
1083 2497 1257 2543 Aprilem
1292 2497 1340 2532 ad
1372 2497 1495 2533 Stum.
1529 2496 1696 2533 Felicem
1728 2495 1910 2542 traduxit,

276 2562 455 2598 nimirum
476 2561 647 2607 Aprilem
672 2569 784 2608 1551,
803 2571 878 2607 quo
900 2560 1065 2606 epistola
1085 2560 1228 2606 scripta
1248 2559 1398 2595 dicitur.
