<?xml version="1.0" encoding="UTF-8"?>
<!DOCTYPE html PUBLIC "-//W3C//DTD XHTML 1.0 Transitional//EN"
    "http://www.w3.org/TR/xhtml1/DTD/xhtml1-transitional.dtd">
<html xmlns="http://www.w3.org/1999/xhtml" xml:lang="en" lang="en">
 <head>
  <title>
</title>
<meta http-equiv="Content-Type" content="text/html;charset=utf-8" />
  <meta name='ocr-system' content='tesseract 3.04.00' />
  <meta name='ocr-capabilities' content='ocr_page ocr_carea ocr_par ocr_line ocrx_word'/>
</head>
<body>
  <div class='ocr_page' id='page_1' title='image "./epistolaemixtaee05matruoft_0480.png"; bbox 0 0 2008 3510; ppageno 0'>
   <div class='ocr_carea' id='block_1_1' title="bbox 305 253 1363 307">
    <p class='ocr_par' dir='ltr' id='par_1_1' title="bbox 305 253 1363 307">
     <span class='ocr_line' id='line_1_1' title="bbox 305 253 1363 307; baseline 0.004 -16"><span class='ocrx_word' id='word_1_1' title='bbox 305 265 383 306; x_wconf 86' lang='lat'><strong>474</strong></span> <span class='ocrx_word' id='word_1_2' title='bbox 772 253 1007 293; x_wconf 73' lang='lat' dir='ltr'><strong>Ems‘roLAE</strong></span> <span class='ocrx_word' id='word_1_3' title='bbox 1035 255 1278 295; x_wconf 75' lang='lat' dir='ltr'><strong>Mxx&#39;rAE-1</strong></span> <span class='ocrx_word' id='word_1_4' title='bbox 1291 268 1304 294; x_wconf 93' lang='lat'>1</span> <span class='ocrx_word' id='word_1_5' title='bbox 1313 268 1363 307; x_wconf 88' lang='lat'><strong>97</strong></span> 
     </span>
    </p>
   </div>
   <div class='ocr_carea' id='block_1_2' title="bbox 196 357 1892 2954">
    <p class='ocr_par' dir='ltr' id='par_1_2' title="bbox 196 357 1886 721">
     <span class='ocr_line' id='line_1_2' title="bbox 253 357 1886 422; baseline 0.002 -15"><span class='ocrx_word' id='word_1_6' title='bbox 253 360 359 419; x_wconf 82' lang='lat' dir='ltr'><strong>teni,</strong></span> <span class='ocrx_word' id='word_1_7' title='bbox 383 360 466 406; x_wconf 91' lang='lat' dir='ltr'><strong>che</strong></span> <span class='ocrx_word' id='word_1_8' title='bbox 491 359 656 422; x_wconf 88' lang='lat' dir='ltr'><strong>sapessi</strong></span> <span class='ocrx_word' id='word_1_9' title='bbox 681 357 921 407; x_wconf 88' lang='lat' dir='ltr'><strong>infundere</strong></span> <span class='ocrx_word' id='word_1_10' title='bbox 945 360 1099 407; x_wconf 89' lang='lat' dir='ltr'><strong>oleum</strong></span> <span class='ocrx_word' id='word_1_11' title='bbox 1130 371 1175 408; x_wconf 92' lang='lat' dir='ltr'><strong>et</strong></span> <span class='ocrx_word' id='word_1_12' title='bbox 1197 362 1358 408; x_wconf 91' lang='lat' dir='ltr'><strong>vinum</strong></span> <span class='ocrx_word' id='word_1_13' title='bbox 1381 361 1393 388; x_wconf 96' lang='lat'><strong>¹</strong></span> <span class='ocrx_word' id='word_1_14' title='bbox 1420 361 1465 408; x_wconf 90' lang='lat' dir='ltr'><strong>in</strong></span> <span class='ocrx_word' id='word_1_15' title='bbox 1497 362 1805 421; x_wconf 78' lang='lat' dir='ltr'>conscientias,</span> <span class='ocrx_word' id='word_1_16' title='bbox 1840 374 1886 411; x_wconf 90' lang='lat' dir='ltr'><strong>et</strong></span> 
     </span>
     <span class='ocr_line' id='line_1_3' title="bbox 253 433 1884 501; baseline 0.001 -19"><span class='ocrx_word' id='word_1_17' title='bbox 253 434 416 482; x_wconf 88' lang='lat' dir='ltr'><strong>nutrir&#39;</strong></span> <span class='ocrx_word' id='word_1_18' title='bbox 444 434 485 480; x_wconf 94' lang='lat' dir='ltr'><strong>lo</strong></span> <span class='ocrx_word' id='word_1_19' title='bbox 519 433 676 481; x_wconf 89' lang='lat' dir='ltr'><strong>buono</strong></span> <span class='ocrx_word' id='word_1_20' title='bbox 705 434 879 498; x_wconf 84' lang='lat' dir='ltr'><strong>spirito.</strong></span> <span class='ocrx_word' id='word_1_21' title='bbox 919 436 1099 497; x_wconf 72' lang='lat' dir='ltr'><strong>Questo</strong></span> <span class='ocrx_word' id='word_1_22' title='bbox 1133 436 1236 483; x_wconf 90' lang='lat' dir='ltr'><strong>dico</strong></span> <span class='ocrx_word' id='word_1_23' title='bbox 1266 439 1364 483; x_wconf 73' lang='lat' dir='ltr'><strong>sara</strong></span> <span class='ocrx_word' id='word_1_24' title='bbox 1397 436 1607 501; x_wconf 88' lang='lat' dir='ltr'><strong>bisogno,</strong></span> <span class='ocrx_word' id='word_1_25' title='bbox 1638 437 1884 501; x_wconf 85' lang='lat' dir='ltr'><strong>principal-</strong></span> 
     </span>
     <span class='ocr_line' id='line_1_4' title="bbox 253 508 1886 574; baseline 0.002 -19"><span class='ocrx_word' id='word_1_26' title='bbox 253 521 405 555; x_wconf 89' lang='lat' dir='ltr'><strong>mente</strong></span> <span class='ocrx_word' id='word_1_27' title='bbox 423 525 509 555; x_wconf 91' lang='lat' dir='ltr'><strong>con</strong></span> <span class='ocrx_word' id='word_1_28' title='bbox 530 508 557 554; x_wconf 91' lang='lat' dir='ltr'><strong>li</strong></span> <span class='ocrx_word' id='word_1_29' title='bbox 578 508 814 555; x_wconf 89' lang='lat' dir='ltr'><strong>thudeschi</strong></span> <span class='ocrx_word' id='word_1_30' title='bbox 835 508 952 555; x_wconf 89' lang='lat' dir='ltr'><strong>della</strong></span> <span class='ocrx_word' id='word_1_31' title='bbox 971 510 1278 573; x_wconf 87' lang='lat' dir='ltr'><strong>Compagnia.</strong></span> <span class='ocrx_word' id='word_1_32' title='bbox 1303 510 1391 557; x_wconf 87' lang='lat' dir='ltr'><strong>Tal</strong></span> <span class='ocrx_word' id='word_1_33' title='bbox 1409 522 1577 574; x_wconf 89' lang='lat' dir='ltr'><strong>poteua</strong></span> <span class='ocrx_word' id='word_1_34' title='bbox 1595 511 1886 558; x_wconf 91' lang='lat' dir='ltr'><strong>esser&#39;molto</strong></span> 
     </span>
     <span class='ocr_line' id='line_1_5' title="bbox 196 583 1884 650; baseline 0.002 -21"><span class='ocrx_word' id='word_1_35' title='bbox 196 641 201 646; x_wconf 92' lang='lat'><strong>.</strong></span> <span class='ocrx_word' id='word_1_36' title='bbox 253 583 367 629; x_wconf 92' lang='lat' dir='ltr'><strong>bene</strong></span> <span class='ocrx_word' id='word_1_37' title='bbox 391 583 419 629; x_wconf 90' lang='lat' dir='ltr'><strong>il</strong></span> <span class='ocrx_word' id='word_1_38' title='bbox 446 583 502 629; x_wconf 92' lang='lat' dir='ltr'><strong>R.</strong></span> <span class='ocrx_word' id='word_1_39' title='bbox 523 583 575 630; x_wconf 90' lang='lat' dir='ltr'><strong>P.</strong></span> <span class='ocrx_word' id='word_1_40' title='bbox 597 583 857 630; x_wconf 90' lang='lat' dir='ltr'><strong>Guandano</strong></span> <span class='ocrx_word' id='word_1_41' title='bbox 878 583 907 640; x_wconf 79' lang='lat'><strong>‘²;</strong></span> <span class='ocrx_word' id='word_1_42' title='bbox 934 600 1007 630; x_wconf 91' lang='lat' dir='ltr'><strong>ma</strong></span> <span class='ocrx_word' id='word_1_43' title='bbox 1026 585 1178 647; x_wconf 88' lang='lat' dir='ltr'><strong>perch&#39;</strong></span> <span class='ocrx_word' id='word_1_44' title='bbox 1200 585 1243 631; x_wconf 88' lang='lat' dir='ltr'><strong>io</strong></span> <span class='ocrx_word' id='word_1_45' title='bbox 1262 585 1454 648; x_wconf 89' lang='lat' dir='ltr'><strong>despero</strong></span> <span class='ocrx_word' id='word_1_46' title='bbox 1472 586 1517 632; x_wconf 92' lang='lat' dir='ltr'><strong>di</strong></span> <span class='ocrx_word' id='word_1_47' title='bbox 1537 598 1715 650; x_wconf 89' lang='lat' dir='ltr'><strong>questo,</strong></span> <span class='ocrx_word' id='word_1_48' title='bbox 1740 586 1798 633; x_wconf 88' lang='lat' dir='ltr'><strong>V.</strong></span> <span class='ocrx_word' id='word_1_49' title='bbox 1823 587 1884 634; x_wconf 88' lang='lat' dir='ltr'><strong>R.</strong></span> 
     </span>
     <span class='ocr_line' id='line_1_6' title="bbox 252 659 1146 721; baseline 0.001 -17"><span class='ocrx_word' id='word_1_50' title='bbox 252 659 386 721; x_wconf 75' lang='lat' dir='ltr'><strong>potra</strong></span> <span class='ocrx_word' id='word_1_51' title='bbox 411 659 582 704; x_wconf 89' lang='lat' dir='ltr'><strong>menar&#39;</strong></span> <span class='ocrx_word' id='word_1_52' title='bbox 602 675 662 704; x_wconf 92' lang='lat' dir='ltr'><strong>vn</strong></span> <span class='ocrx_word' id='word_1_53' title='bbox 686 675 787 704; x_wconf 86' lang='lat' dir='ltr'><strong>seco</strong></span> <span class='ocrx_word' id='word_1_54' title='bbox 811 659 868 705; x_wconf 91' lang='lat' dir='ltr'><strong>de</strong></span> <span class='ocrx_word' id='word_1_55' title='bbox 894 659 1037 716; x_wconf 89' lang='lat' dir='ltr'><strong>Italia,</strong></span> <span class='ocrx_word' id='word_1_56' title='bbox 1064 671 1146 706; x_wconf 92' lang='lat' dir='ltr'><strong>etc.</strong></span> 
     </span>
    </p>

    <p class='ocr_par' dir='ltr' id='par_1_3' title="bbox 248 733 1889 1522">
     <span class='ocr_line' id='line_1_7' title="bbox 317 733 1886 798; baseline 0.001 -19"><span class='ocrx_word' id='word_1_57' title='bbox 317 733 500 780; x_wconf 86' lang='lat' dir='ltr'><strong>Tertio:</strong></span> <span class='ocrx_word' id='word_1_58' title='bbox 530 733 590 778; x_wconf 90' lang='lat' dir='ltr'><strong>mi</strong></span> <span class='ocrx_word' id='word_1_59' title='bbox 613 734 787 796; x_wconf 86' lang='lat' dir='ltr'><strong>pararia</strong></span> <span class='ocrx_word' id='word_1_60' title='bbox 812 733 941 792; x_wconf 87' lang='lat' dir='ltr'><strong>bene,</strong></span> <span class='ocrx_word' id='word_1_61' title='bbox 969 750 1051 797; x_wconf 89' lang='lat' dir='ltr'><strong>per</strong></span> <span class='ocrx_word' id='word_1_62' title='bbox 1077 734 1246 798; x_wconf 84' lang='lat' dir='ltr'><strong>meglio</strong></span> <span class='ocrx_word' id='word_1_63' title='bbox 1262 751 1469 798; x_wconf 88' lang='lat' dir='ltr'><strong>gouerno</strong></span> <span class='ocrx_word' id='word_1_64' title='bbox 1489 735 1533 781; x_wconf 91' lang='lat' dir='ltr'><strong>di</strong></span> <span class='ocrx_word' id='word_1_65' title='bbox 1558 751 1670 792; x_wconf 88' lang='lat' dir='ltr'><strong>casa,</strong></span> <span class='ocrx_word' id='word_1_66' title='bbox 1690 735 1771 781; x_wconf 89' lang='lat' dir='ltr'><strong>che</strong></span> <span class='ocrx_word' id='word_1_67' title='bbox 1793 751 1886 781; x_wconf 84' lang='lat' dir='ltr'><strong>non</strong></span> 
     </span>
     <span class='ocr_line' id='line_1_8' title="bbox 251 806 1886 873; baseline 0.002 -20"><span class='ocrx_word' id='word_1_68' title='bbox 251 808 357 854; x_wconf 87' lang='lat' dir='ltr'><strong>tutti</strong></span> <span class='ocrx_word' id='word_1_69' title='bbox 387 808 414 854; x_wconf 94' lang='lat' dir='ltr'><strong>li</strong></span> <span class='ocrx_word' id='word_1_70' title='bbox 442 806 605 854; x_wconf 87' lang='lat' dir='ltr'><strong>fratelli</strong></span> <span class='ocrx_word' id='word_1_71' title='bbox 630 810 974 855; x_wconf 86' lang='lat' dir='ltr'><strong>conuersassino</strong></span> <span class='ocrx_word' id='word_1_72' title='bbox 998 826 1085 855; x_wconf 92' lang='lat' dir='ltr'><strong>con</strong></span> <span class='ocrx_word' id='word_1_73' title='bbox 1117 810 1299 872; x_wconf 87' lang='lat' dir='ltr'><strong>personi</strong></span> <span class='ocrx_word' id='word_1_74' title='bbox 1331 810 1376 856; x_wconf 92' lang='lat' dir='ltr'><strong>di</strong></span> <span class='ocrx_word' id='word_1_75' title='bbox 1409 810 1606 856; x_wconf 73' lang='lat' dir='ltr'><strong>autorita</strong></span> <span class='ocrx_word' id='word_1_76' title='bbox 1635 821 1680 856; x_wconf 91' lang='lat' dir='ltr'><strong>et</strong></span> <span class='ocrx_word' id='word_1_77' title='bbox 1709 810 1886 873; x_wconf 73' lang='lat' dir='ltr'><strong>dignita</strong></span> 
     </span>
     <span class='ocr_line' id='line_1_9' title="bbox 250 882 1887 947; baseline 0.001 -19"><span class='ocrx_word' id='word_1_78' title='bbox 250 882 486 946; x_wconf 89' lang='lat' dir='ltr'><strong>utriusque</strong></span> <span class='ocrx_word' id='word_1_79' title='bbox 510 882 630 940; x_wconf 89' lang='lat' dir='ltr'><strong>fidei,</strong></span> <span class='ocrx_word' id='word_1_80' title='bbox 656 882 683 928; x_wconf 94' lang='lat' dir='ltr'><strong>li</strong></span> <span class='ocrx_word' id='word_1_81' title='bbox 718 882 838 946; x_wconf 92' lang='lat' dir='ltr'><strong>quali</strong></span> <span class='ocrx_word' id='word_1_82' title='bbox 872 900 1083 946; x_wconf 83' lang='lat' dir='ltr'><strong>uengano</strong></span> <span class='ocrx_word' id='word_1_83' title='bbox 1116 900 1139 929; x_wconf 91' lang='lat' dir='ltr'><strong>a</strong></span> <span class='ocrx_word' id='word_1_84' title='bbox 1173 883 1381 930; x_wconf 87' lang='lat' dir='ltr'><strong>uisitarci.</strong></span> <span class='ocrx_word' id='word_1_85' title='bbox 1417 883 1528 930; x_wconf 92' lang='lat' dir='ltr'><strong>Non</strong></span> <span class='ocrx_word' id='word_1_86' title='bbox 1559 883 1811 947; x_wconf 87' lang='lat' dir='ltr'><strong>prohibirle</strong></span> <span class='ocrx_word' id='word_1_87' title='bbox 1841 884 1887 930; x_wconf 90' lang='lat' dir='ltr'><strong>in</strong></span> 
     </span>
     <span class='ocr_line' id='line_1_10' title="bbox 251 954 1886 1021; baseline 0.002 -21"><span class='ocrx_word' id='word_1_88' title='bbox 251 966 373 1001; x_wconf 86' lang='lat' dir='ltr'><strong>tutto</strong></span> <span class='ocrx_word' id='word_1_89' title='bbox 393 954 433 1000; x_wconf 90' lang='lat' dir='ltr'><strong>la</strong></span> <span class='ocrx_word' id='word_1_90' title='bbox 455 955 817 1012; x_wconf 82' lang='lat' dir='ltr'><strong>conuersatione3</strong></span> <span class='ocrx_word' id='word_1_91' title='bbox 846 973 920 1002; x_wconf 90' lang='lat' dir='ltr'><strong>ma</strong></span> <span class='ocrx_word' id='word_1_92' title='bbox 943 956 1096 1003; x_wconf 90' lang='lat' dir='ltr'><strong>subito</strong></span> <span class='ocrx_word' id='word_1_93' title='bbox 1121 957 1307 1021; x_wconf 90' lang='lat' dir='ltr'><strong>quando</strong></span> <span class='ocrx_word' id='word_1_94' title='bbox 1333 956 1508 1003; x_wconf 90' lang='lat' dir='ltr'><strong>uenessi</strong></span> <span class='ocrx_word' id='word_1_95' title='bbox 1534 974 1595 1004; x_wconf 89' lang='lat' dir='ltr'><strong>vn</strong></span> <span class='ocrx_word' id='word_1_96' title='bbox 1622 956 1708 1003; x_wconf 90' lang='lat' dir='ltr'><strong>tale</strong></span> <span class='ocrx_word' id='word_1_97' title='bbox 1734 957 1773 1003; x_wconf 89' lang='lat' dir='ltr'><strong>al</strong></span> <span class='ocrx_word' id='word_1_98' title='bbox 1793 956 1886 1003; x_wconf 93' lang='lat' dir='ltr'><strong>col—</strong></span> 
     </span>
     <span class='ocr_line' id='line_1_11' title="bbox 250 1028 1889 1094; baseline 0.002 -20"><span class='ocrx_word' id='word_1_99' title='bbox 250 1029 384 1092; x_wconf 85' lang='lat' dir='ltr'><strong>legi0‚</strong></span> <span class='ocrx_word' id='word_1_100' title='bbox 410 1029 438 1075; x_wconf 90' lang='lat' dir='ltr'><strong>il</strong></span> <span class='ocrx_word' id='word_1_101' title='bbox 456 1028 607 1092; x_wconf 87' lang='lat' dir='ltr'><strong>primo</strong></span> <span class='ocrx_word' id='word_1_102' title='bbox 624 1030 707 1076; x_wconf 87' lang='lat' dir='ltr'><strong>che</strong></span> <span class='ocrx_word' id='word_1_103' title='bbox 726 1028 834 1076; x_wconf 86' lang='lat' dir='ltr'><strong>fussi</strong></span> <span class='ocrx_word' id='word_1_104' title='bbox 855 1031 899 1077; x_wconf 91' lang='lat' dir='ltr'><strong>di</strong></span> <span class='ocrx_word' id='word_1_105' title='bbox 922 1029 981 1076; x_wconf 92' lang='lat' dir='ltr'><strong>lui</strong></span> <span class='ocrx_word' id='word_1_106' title='bbox 1003 1031 1197 1077; x_wconf 87' lang='lat' dir='ltr'><strong>salutato</strong></span> <span class='ocrx_word' id='word_1_107' title='bbox 1219 1031 1366 1094; x_wconf 89' lang='lat' dir='ltr'><strong>potria</strong></span> <span class='ocrx_word' id='word_1_108' title='bbox 1386 1031 1558 1077; x_wconf 88' lang='lat' dir='ltr'><strong>ziamar</strong></span> <span class='ocrx_word' id='word_1_109' title='bbox 1577 1048 1655 1094; x_wconf 89' lang='lat' dir='ltr'><strong>per</strong></span> <span class='ocrx_word' id='word_1_110' title='bbox 1679 1048 1725 1077; x_wconf 93' lang='lat' dir='ltr'><strong>se</strong></span> <span class='ocrx_word' id='word_1_111' title='bbox 1749 1049 1778 1077; x_wconf 94' lang='lat'>0</span> <span class='ocrx_word' id='word_1_112' title='bbox 1804 1033 1889 1094; x_wconf 70' lang='lat' dir='ltr'><strong>per&#39;</strong></span> 
     </span>
     <span class='ocr_line' id='line_1_12' title="bbox 250 1103 1886 1170; baseline 0.001 -21"><span class='ocrx_word' id='word_1_113' title='bbox 250 1103 366 1149; x_wconf 87' lang='lat' dir='ltr'><strong>altro</strong></span> <span class='ocrx_word' id='word_1_114' title='bbox 393 1119 453 1149; x_wconf 91' lang='lat' dir='ltr'><strong>un</strong></span> <span class='ocrx_word' id='word_1_115' title='bbox 479 1104 583 1150; x_wconf 91' lang='lat' dir='ltr'><strong>delli</strong></span> <span class='ocrx_word' id='word_1_116' title='bbox 608 1105 812 1168; x_wconf 88' lang='lat' dir='ltr'><strong>deputati</strong></span> <span class='ocrx_word' id='word_1_117' title='bbox 841 1122 864 1150; x_wconf 92' lang='lat' dir='ltr'><strong>a</strong></span> <span class='ocrx_word' id='word_1_118' title='bbox 888 1105 946 1151; x_wconf 90' lang='lat' dir='ltr'><strong>tal</strong></span> <span class='ocrx_word' id='word_1_119' title='bbox 973 1107 1310 1163; x_wconf 86' lang='lat' dir='ltr'><strong>conuersation,</strong></span> <span class='ocrx_word' id='word_1_120' title='bbox 1335 1117 1381 1152; x_wconf 89' lang='lat' dir='ltr'><strong>et</strong></span> <span class='ocrx_word' id='word_1_121' title='bbox 1406 1106 1617 1153; x_wconf 88' lang='lat' dir='ltr'><strong>uenendo</strong></span> <span class='ocrx_word' id='word_1_122' title='bbox 1642 1117 1826 1170; x_wconf 85' lang='lat' dir='ltr'><strong>quest0‚</strong></span> <span class='ocrx_word' id='word_1_123' title='bbox 1859 1105 1886 1152; x_wconf 92' lang='lat' dir='ltr'><strong>li</strong></span> 
     </span>
     <span class='ocr_line' id='line_1_13' title="bbox 250 1179 1886 1243; baseline 0.001 -19"><span class='ocrx_word' id='word_1_124' title='bbox 250 1179 385 1241; x_wconf 87' lang='lat' dir='ltr'><strong>potra</strong></span> <span class='ocrx_word' id='word_1_125' title='bbox 409 1194 716 1242; x_wconf 85' lang='lat' dir='ltr'><strong>compagnare</strong></span> <span class='ocrx_word' id='word_1_126' title='bbox 740 1196 768 1225; x_wconf 95' lang='lat' dir='ltr'><strong>o</strong></span> <span class='ocrx_word' id='word_1_127' title='bbox 795 1180 962 1238; x_wconf 85' lang='lat' dir='ltr'><strong>lasciar,</strong></span> <span class='ocrx_word' id='word_1_128' title='bbox 987 1180 1025 1226; x_wconf 81' lang='lat' dir='ltr'><strong>si</strong></span> <span class='ocrx_word' id='word_1_129' title='bbox 1052 1196 1182 1226; x_wconf 89' lang='lat' dir='ltr'><strong>come</strong></span> <span class='ocrx_word' id='word_1_130' title='bbox 1208 1180 1234 1226; x_wconf 91' lang='lat' dir='ltr'><strong>li</strong></span> <span class='ocrx_word' id='word_1_131' title='bbox 1261 1183 1433 1243; x_wconf 75' lang='lat' dir='ltr'><strong>parer-a,</strong></span> <span class='ocrx_word' id='word_1_132' title='bbox 1465 1192 1510 1226; x_wconf 91' lang='lat' dir='ltr'><strong>et</strong></span> <span class='ocrx_word' id='word_1_133' title='bbox 1534 1181 1568 1226; x_wconf 90' lang='lat' dir='ltr'><strong>si</strong></span> <span class='ocrx_word' id='word_1_134' title='bbox 1597 1197 1689 1226; x_wconf 91' lang='lat' dir='ltr'><strong>non</strong></span> <span class='ocrx_word' id='word_1_135' title='bbox 1721 1181 1756 1226; x_wconf 88' lang='lat' dir='ltr'><strong>si</strong></span> <span class='ocrx_word' id='word_1_136' title='bbox 1790 1192 1886 1227; x_wconf 87' lang='lat' dir='ltr'><strong>tro-</strong></span> 
     </span>
     <span class='ocr_line' id='line_1_14' title="bbox 251 1252 1888 1318; baseline 0.003 -22"><span class='ocrx_word' id='word_1_137' title='bbox 251 1269 431 1298; x_wconf 85' lang='lat' dir='ltr'><strong>uassero</strong></span> <span class='ocrx_word' id='word_1_138' title='bbox 456 1252 530 1298; x_wconf 90' lang='lat' dir='ltr'><strong>tali</strong></span> <span class='ocrx_word' id='word_1_139' title='bbox 559 1254 779 1315; x_wconf 84' lang='lat' dir='ltr'><strong>praesenti</strong></span> <span class='ocrx_word' id='word_1_140' title='bbox 806 1254 850 1300; x_wconf 90' lang='lat' dir='ltr'><strong>in</strong></span> <span class='ocrx_word' id='word_1_141' title='bbox 876 1271 988 1311; x_wconf 86' lang='lat' dir='ltr'><strong>casa,</strong></span> <span class='ocrx_word' id='word_1_142' title='bbox 1015 1255 1172 1300; x_wconf 88' lang='lat' dir='ltr'><strong>alhora</strong></span> <span class='ocrx_word' id='word_1_143' title='bbox 1204 1255 1413 1318; x_wconf 87' lang='lat' dir='ltr'><strong>potriano</strong></span> <span class='ocrx_word' id='word_1_144' title='bbox 1446 1272 1531 1301; x_wconf 92' lang='lat' dir='ltr'><strong>con</strong></span> <span class='ocrx_word' id='word_1_145' title='bbox 1558 1255 1654 1312; x_wconf 80' lang='lat' dir='ltr'><strong>tali,</strong></span> <span class='ocrx_word' id='word_1_146' title='bbox 1689 1255 1888 1301; x_wconf 91' lang='lat' dir='ltr'><strong>secondo</strong></span> 
     </span>
     <span class='ocr_line' id='line_1_15' title="bbox 249 1325 1887 1393; baseline 0.002 -22"><span class='ocrx_word' id='word_1_147' title='bbox 249 1325 290 1371; x_wconf 89' lang='lat' dir='ltr'><strong>la</strong></span> <span class='ocrx_word' id='word_1_148' title='bbox 314 1326 556 1389; x_wconf 88' lang='lat' dir='ltr'><strong>simplicita</strong></span> <span class='ocrx_word' id='word_1_149' title='bbox 582 1327 737 1373; x_wconf 89' lang='lat' dir='ltr'><strong>dattali</strong></span> <span class='ocrx_word' id='word_1_150' title='bbox 770 1328 827 1375; x_wconf 89' lang='lat' dir='ltr'><strong>da</strong></span> <span class='ocrx_word' id='word_1_151' title='bbox 861 1329 976 1385; x_wconf 91' lang='lat' dir='ltr'><strong>Idio,</strong></span> <span class='ocrx_word' id='word_1_152' title='bbox 1004 1346 1261 1376; x_wconf 80' lang='lat' dir='ltr'><strong>conuersar.</strong></span> <span class='ocrx_word' id='word_1_153' title='bbox 1298 1330 1360 1376; x_wconf 83' lang='lat' dir='ltr'><strong>Et</strong></span> <span class='ocrx_word' id='word_1_154' title='bbox 1394 1341 1555 1393; x_wconf 90' lang='lat' dir='ltr'><strong>questo</strong></span> <span class='ocrx_word' id='word_1_155' title='bbox 1580 1329 1696 1386; x_wconf 83' lang='lat' dir='ltr'><strong>dico,</strong></span> <span class='ocrx_word' id='word_1_156' title='bbox 1735 1330 1887 1392; x_wconf 87' lang='lat' dir='ltr'><strong>perch’</strong></span> 
     </span>
     <span class='ocr_line' id='line_1_16' title="bbox 248 1402 1889 1466; baseline 0.001 -20"><span class='ocrx_word' id='word_1_157' title='bbox 248 1417 396 1464; x_wconf 88' lang='lat' dir='ltr'><strong>spesse</strong></span> <span class='ocrx_word' id='word_1_158' title='bbox 420 1402 560 1459; x_wconf 87' lang='lat' dir='ltr'><strong>uolte‚</strong></span> <span class='ocrx_word' id='word_1_159' title='bbox 586 1403 625 1448; x_wconf 77' lang='lat' dir='ltr'><strong>si</strong></span> <span class='ocrx_word' id='word_1_160' title='bbox 653 1419 782 1449; x_wconf 86' lang='lat' dir='ltr'><strong>come</strong></span> <span class='ocrx_word' id='word_1_161' title='bbox 807 1403 870 1451; x_wconf 93' lang='lat' dir='ltr'><strong>V.</strong></span> <span class='ocrx_word' id='word_1_162' title='bbox 897 1404 954 1449; x_wconf 89' lang='lat' dir='ltr'><strong>R.</strong></span> <span class='ocrx_word' id='word_1_163' title='bbox 977 1420 1037 1460; x_wconf 89' lang='lat' dir='ltr'><strong>sa,</strong></span> <span class='ocrx_word' id='word_1_164' title='bbox 1059 1403 1200 1450; x_wconf 90' lang='lat' dir='ltr'><strong>multe</strong></span> <span class='ocrx_word' id='word_1_165' title='bbox 1217 1420 1317 1450; x_wconf 88' lang='lat' dir='ltr'><strong>cose</strong></span> <span class='ocrx_word' id='word_1_166' title='bbox 1336 1416 1618 1466; x_wconf 85' lang='lat' dir='ltr'><strong>trauengano</strong></span> <span class='ocrx_word' id='word_1_167' title='bbox 1638 1404 1682 1449; x_wconf 92' lang='lat' dir='ltr'><strong>in</strong></span> <span class='ocrx_word' id='word_1_168' title='bbox 1703 1403 1761 1449; x_wconf 89' lang='lat' dir='ltr'><strong>tal</strong></span> <span class='ocrx_word' id='word_1_169' title='bbox 1781 1420 1889 1449; x_wconf 87' lang='lat' dir='ltr'><strong>con-</strong></span> 
     </span>
     <span class='ocr_line' id='line_1_17' title="bbox 252 1486 495 1522; baseline 0.004 -1"><span class='ocrx_word' id='word_1_170' title='bbox 252 1486 495 1522; x_wconf 80' lang='lat' dir='ltr'><strong>uersatlon.</strong></span> 
     </span>
    </p>

    <p class='ocr_par' dir='ltr' id='par_1_4' title="bbox 251 1549 1891 2344">
     <span class='ocr_line' id='line_1_18' title="bbox 316 1549 1888 1615; baseline 0.001 -20"><span class='ocrx_word' id='word_1_171' title='bbox 316 1549 512 1611; x_wconf 72' lang='lat' dir='ltr'><strong>Quarto:</strong></span> <span class='ocrx_word' id='word_1_172' title='bbox 547 1549 720 1596; x_wconf 78' lang='lat' dir='ltr'><strong>benche</strong></span> <span class='ocrx_word' id='word_1_173' title='bbox 748 1550 774 1596; x_wconf 93' lang='lat' dir='ltr'><strong>li</strong></span> <span class='ocrx_word' id='word_1_174' title='bbox 810 1551 979 1597; x_wconf 89' lang='lat' dir='ltr'><strong>maistri</strong></span> <span class='ocrx_word' id='word_1_175' title='bbox 1012 1562 1056 1597; x_wconf 90' lang='lat' dir='ltr'><strong>et</strong></span> <span class='ocrx_word' id='word_1_176' title='bbox 1088 1550 1332 1615; x_wconf 81' lang='lat' dir='ltr'><strong>professori</strong></span> <span class='ocrx_word' id='word_1_177' title='bbox 1368 1551 1577 1614; x_wconf 86' lang='lat' dir='ltr'><strong>potriano</strong></span> <span class='ocrx_word' id='word_1_178' title='bbox 1608 1551 1823 1597; x_wconf 86' lang='lat' dir='ltr'><strong>exhortar</strong></span> <span class='ocrx_word' id='word_1_179' title='bbox 1858 1549 1888 1596; x_wconf 90' lang='lat' dir='ltr'><strong>li</strong></span> 
     </span>
     <span class='ocr_line' id='line_1_19' title="bbox 251 1623 1890 1695; baseline 0.001 -25"><span class='ocrx_word' id='word_1_180' title='bbox 251 1624 314 1688; x_wconf 90' lang='lat' dir='ltr'><strong>soj</strong></span> <span class='ocrx_word' id='word_1_181' title='bbox 343 1623 721 1695; x_wconf 77' lang='lat' dir='ltr'><strong>allaconfession,</strong></span> <span class='ocrx_word' id='word_1_182' title='bbox 748 1636 901 1673; x_wconf 89' lang='lat' dir='ltr'><strong>tamen</strong></span> <span class='ocrx_word' id='word_1_183' title='bbox 926 1626 1040 1672; x_wconf 80' lang='lat' dir='ltr'><strong>saria</strong></span> <span class='ocrx_word' id='word_1_184' title='bbox 1066 1626 1153 1674; x_wconf 89' lang='lat' dir='ltr'><strong>ben</strong></span> <span class='ocrx_word' id='word_1_185' title='bbox 1184 1627 1266 1673; x_wconf 93' lang='lat' dir='ltr'><strong>che</strong></span> <span class='ocrx_word' id='word_1_186' title='bbox 1300 1627 1335 1672; x_wconf 90' lang='lat' dir='ltr'><strong>si</strong></span> <span class='ocrx_word' id='word_1_187' title='bbox 1368 1624 1521 1672; x_wconf 88' lang='lat' dir='ltr'><strong>facessi</strong></span> <span class='ocrx_word' id='word_1_188' title='bbox 1556 1637 1719 1690; x_wconf 90' lang='lat' dir='ltr'><strong>questo</strong></span> <span class='ocrx_word' id='word_1_189' title='bbox 1751 1642 1890 1671; x_wconf 87' lang='lat' dir='ltr'><strong>senza</strong></span> 
     </span>
     <span class='ocr_line' id='line_1_20' title="bbox 253 1699 1889 1764; baseline 0 -20"><span class='ocrx_word' id='word_1_190' title='bbox 253 1715 370 1761; x_wconf 64' lang='lat' dir='ltr'><strong>gran⁴</strong></span> <span class='ocrx_word' id='word_1_191' title='bbox 390 1699 603 1746; x_wconf 87' lang='lat' dir='ltr'><strong>instantia</strong></span> <span class='ocrx_word' id='word_1_192' title='bbox 626 1712 670 1746; x_wconf 93' lang='lat' dir='ltr'><strong>et</strong></span> <span class='ocrx_word' id='word_1_193' title='bbox 696 1700 740 1745; x_wconf 91' lang='lat' dir='ltr'><strong>in</strong></span> <span class='ocrx_word' id='word_1_194' title='bbox 768 1701 908 1746; x_wconf 89' lang='lat' dir='ltr'><strong>modo</strong></span> <span class='ocrx_word' id='word_1_195' title='bbox 933 1701 1156 1764; x_wconf 86' lang='lat' dir='ltr'><strong>generale,</strong></span> <span class='ocrx_word' id='word_1_196' title='bbox 1182 1701 1221 1746; x_wconf 78' lang='lat' dir='ltr'><strong>si</strong></span> <span class='ocrx_word' id='word_1_197' title='bbox 1248 1717 1377 1747; x_wconf 90' lang='lat' dir='ltr'><strong>come</strong></span> <span class='ocrx_word' id='word_1_198' title='bbox 1403 1699 1447 1746; x_wconf 94' lang='lat' dir='ltr'><strong>fa</strong></span> <span class='ocrx_word' id='word_1_199' title='bbox 1471 1700 1499 1746; x_wconf 91' lang='lat' dir='ltr'><strong>il</strong></span> <span class='ocrx_word' id='word_1_200' title='bbox 1526 1700 1783 1763; x_wconf 78' lang='lat' dir='ltr'><strong>predicator</strong></span> <span class='ocrx_word' id='word_1_201' title='bbox 1817 1699 1889 1745; x_wconf 88' lang='lat' dir='ltr'><strong>alli</strong></span> 
     </span>
     <span class='ocr_line' id='line_1_21' title="bbox 254 1773 1888 1840; baseline 0 -21"><span class='ocrx_word' id='word_1_202' title='bbox 254 1773 465 1830; x_wconf 90' lang='lat' dir='ltr'><strong>auditori;</strong></span> <span class='ocrx_word' id='word_1_203' title='bbox 491 1786 535 1820; x_wconf 88' lang='lat' dir='ltr'><strong>et</strong></span> <span class='ocrx_word' id='word_1_204' title='bbox 560 1791 639 1837; x_wconf 92' lang='lat' dir='ltr'><strong>per</strong></span> <span class='ocrx_word' id='word_1_205' title='bbox 664 1775 816 1820; x_wconf 87' lang='lat' dir='ltr'><strong>nissun</strong></span> <span class='ocrx_word' id='word_1_206' title='bbox 844 1776 984 1821; x_wconf 90' lang='lat' dir='ltr'><strong>modo</strong></span> <span class='ocrx_word' id='word_1_207' title='bbox 1009 1775 1167 1822; x_wconf 88' lang='lat' dir='ltr'><strong>adesso</strong></span> <span class='ocrx_word' id='word_1_208' title='bbox 1193 1774 1296 1821; x_wconf 86' lang='lat' dir='ltr'><strong>nelli</strong></span> <span class='ocrx_word' id='word_1_209' title='bbox 1322 1774 1528 1840; x_wconf 87' lang='lat' dir='ltr'><strong>principij</strong></span> <span class='ocrx_word' id='word_1_210' title='bbox 1556 1791 1602 1821; x_wconf 92' lang='lat' dir='ltr'><strong>se</strong></span> <span class='ocrx_word' id='word_1_211' title='bbox 1626 1774 1815 1820; x_wconf 90' lang='lat' dir='ltr'><strong>doueria</strong></span> <span class='ocrx_word' id='word_1_212' title='bbox 1833 1774 1888 1819; x_wconf 76' lang='lat' dir='ltr'><strong>ne</strong></span> 
     </span>
     <span class='ocr_line' id='line_1_22' title="bbox 255 1847 1890 1912; baseline 0 -20"><span class='ocrx_word' id='word_1_213' title='bbox 255 1860 419 1910; x_wconf 89' lang='lat' dir='ltr'><strong>questo</strong></span> <span class='ocrx_word' id='word_1_214' title='bbox 446 1848 503 1894; x_wconf 71' lang='lat' dir='ltr'><strong>ne</strong></span> <span class='ocrx_word' id='word_1_215' title='bbox 528 1849 643 1894; x_wconf 90' lang='lat' dir='ltr'><strong>altro</strong></span> <span class='ocrx_word' id='word_1_216' title='bbox 668 1861 842 1911; x_wconf 91' lang='lat' dir='ltr'><strong>puncto</strong></span> <span class='ocrx_word' id='word_1_217' title='bbox 867 1850 911 1895; x_wconf 90' lang='lat' dir='ltr'><strong>in</strong></span> <span class='ocrx_word' id='word_1_218' title='bbox 936 1849 1125 1912; x_wconf 88' lang='lat' dir='ltr'><strong>speciale</strong></span> <span class='ocrx_word' id='word_1_219' title='bbox 1149 1849 1366 1896; x_wconf 85' lang='lat' dir='ltr'><strong>exhortar</strong></span> <span class='ocrx_word' id='word_1_220' title='bbox 1389 1866 1414 1895; x_wconf 91' lang='lat' dir='ltr'><strong>a</strong></span> <span class='ocrx_word' id='word_1_221' title='bbox 1437 1847 1716 1905; x_wconf 87' lang='lat' dir='ltr'><strong>confessarsi,</strong></span> <span class='ocrx_word' id='word_1_222' title='bbox 1743 1847 1890 1893; x_wconf 89' lang='lat' dir='ltr'><strong>multo</strong></span> 
     </span>
     <span class='ocr_line' id='line_1_23' title="bbox 256 1923 1890 1987; baseline 0 -20"><span class='ocrx_word' id='word_1_223' title='bbox 256 1938 391 1967; x_wconf 88' lang='lat' dir='ltr'><strong>meno</strong></span> <span class='ocrx_word' id='word_1_224' title='bbox 416 1939 440 1968; x_wconf 91' lang='lat' dir='ltr'><strong>a</strong></span> <span class='ocrx_word' id='word_1_225' title='bbox 463 1923 791 1979; x_wconf 86' lang='lat' dir='ltr'><strong>communicar,</strong></span> <span class='ocrx_word' id='word_1_226' title='bbox 816 1940 861 1969; x_wconf 93' lang='lat' dir='ltr'><strong>se</strong></span> <span class='ocrx_word' id='word_1_227' title='bbox 900 1940 991 1968; x_wconf 89' lang='lat' dir='ltr'><strong>non</strong></span> <span class='ocrx_word' id='word_1_228' title='bbox 1023 1924 1189 1987; x_wconf 89' lang='lat' dir='ltr'><strong>sepessi</strong></span> <span class='ocrx_word' id='word_1_229' title='bbox 1223 1923 1253 1969; x_wconf 79' lang='lat' dir='ltr'><strong>il·</strong></span> <span class='ocrx_word' id='word_1_230' title='bbox 1278 1923 1465 1969; x_wconf 87' lang='lat' dir='ltr'><strong>maistro</strong></span> <span class='ocrx_word' id='word_1_231' title='bbox 1496 1923 1598 1980; x_wconf 88' lang='lat' dir='ltr'><strong>ben,</strong></span> <span class='ocrx_word' id='word_1_232' title='bbox 1630 1923 1712 1969; x_wconf 88' lang='lat' dir='ltr'><strong>che</strong></span> <span class='ocrx_word' id='word_1_233' title='bbox 1744 1939 1837 1967; x_wconf 90' lang='lat' dir='ltr'><strong>uno</strong></span> <span class='ocrx_word' id='word_1_234' title='bbox 1861 1939 1890 1967; x_wconf 95' lang='lat' dir='ltr'><strong>o</strong></span> 
     </span>
     <span class='ocr_line' id='line_1_24' title="bbox 256 1994 1891 2060; baseline -0.001 -18"><span class='ocrx_word' id='word_1_235' title='bbox 256 1997 361 2042; x_wconf 88' lang='lat' dir='ltr'><strong>tutti</strong></span> <span class='ocrx_word' id='word_1_236' title='bbox 388 1997 461 2043; x_wconf 91' lang='lat' dir='ltr'><strong>doi</strong></span> <span class='ocrx_word' id='word_1_237' title='bbox 489 1997 663 2060; x_wconf 87' lang='lat' dir='ltr'><strong>parenti</strong></span> <span class='ocrx_word' id='word_1_238' title='bbox 689 1996 865 2043; x_wconf 85' lang='lat' dir='ltr'><strong>fussero</strong></span> <span class='ocrx_word' id='word_1_239' title='bbox 889 1998 1112 2054; x_wconf 87' lang='lat' dir='ltr'><strong>catholici;</strong></span> <span class='ocrx_word' id='word_1_240' title='bbox 1139 2010 1183 2044; x_wconf 88' lang='lat' dir='ltr'><strong>et</strong></span> <span class='ocrx_word' id='word_1_241' title='bbox 1207 2015 1252 2044; x_wconf 84' lang='lat' dir='ltr'><strong>se</strong></span> <span class='ocrx_word' id='word_1_242' title='bbox 1273 1998 1312 2043; x_wconf 90' lang='lat' dir='ltr'><strong>la</strong></span> <span class='ocrx_word' id='word_1_243' title='bbox 1333 1998 1489 2044; x_wconf 87' lang='lat' dir='ltr'><strong>madre</strong></span> <span class='ocrx_word' id='word_1_244' title='bbox 1505 1998 1753 2043; x_wconf 85' lang='lat' dir='ltr'><strong>solamente</strong></span> <span class='ocrx_word' id='word_1_245' title='bbox 1771 1994 1891 2042; x_wconf 89' lang='lat' dir='ltr'><strong>fusse</strong></span> 
     </span>
     <span class='ocr_line' id='line_1_25' title="bbox 255 2070 1888 2130; baseline -0.001 -11"><span class='ocrx_word' id='word_1_246' title='bbox 255 2070 490 2128; x_wconf 89' lang='lat' dir='ltr'><strong>catholica,</strong></span> <span class='ocrx_word' id='word_1_247' title='bbox 534 2071 561 2117; x_wconf 88' lang='lat' dir='ltr'><strong>il</strong></span> <span class='ocrx_word' id='word_1_248' title='bbox 591 2072 755 2118; x_wconf 83' lang='lat' dir='ltr'><strong>marito</strong></span> <span class='ocrx_word' id='word_1_249' title='bbox 794 2072 985 2130; x_wconf 88' lang='lat' dir='ltr'><strong>hussito,</strong></span> <span class='ocrx_word' id='word_1_250' title='bbox 1027 2073 1178 2119; x_wconf 85' lang='lat' dir='ltr'><strong>iudico</strong></span> <span class='ocrx_word' id='word_1_251' title='bbox 1204 2073 1260 2119; x_wconf 93' lang='lat' dir='ltr'><strong>de</strong></span> <span class='ocrx_word' id='word_1_252' title='bbox 1286 2089 1379 2119; x_wconf 91' lang='lat' dir='ltr'><strong>non</strong></span> <span class='ocrx_word' id='word_1_253' title='bbox 1411 2072 1630 2119; x_wconf 77' lang='lat' dir='ltr'><strong>conuenit·</strong></span> <span class='ocrx_word' id='word_1_254' title='bbox 1670 2071 1730 2117; x_wconf 89' lang='lat' dir='ltr'><strong>tal</strong></span> <span class='ocrx_word' id='word_1_255' title='bbox 1773 2087 1888 2117; x_wconf 89' lang='lat' dir='ltr'><strong>cosa.</strong></span> 
     </span>
     <span class='ocr_line' id='line_1_26' title="bbox 257 2146 1891 2209; baseline -0.002 -16"><span class='ocrx_word' id='word_1_256' title='bbox 257 2148 427 2194; x_wconf 75' lang='lat' dir='ltr'><strong>Perche</strong></span> <span class='ocrx_word' id='word_1_257' title='bbox 452 2148 508 2193; x_wconf 90' lang='lat' dir='ltr'><strong>de</strong></span> <span class='ocrx_word' id='word_1_258' title='bbox 534 2148 651 2209; x_wconf 87' lang='lat' dir='ltr'><strong>putti</strong></span> <span class='ocrx_word' id='word_1_259' title='bbox 680 2164 770 2192; x_wconf 88' lang='lat' dir='ltr'><strong>non</strong></span> <span class='ocrx_word' id='word_1_260' title='bbox 797 2147 829 2192; x_wconf 93' lang='lat' dir='ltr'><strong>si</strong></span> <span class='ocrx_word' id='word_1_261' title='bbox 855 2147 1002 2192; x_wconf 86' lang='lat' dir='ltr'><strong>debbe</strong></span> <span class='ocrx_word' id='word_1_262' title='bbox 1027 2147 1141 2194; x_wconf 74' lang='lat' dir='ltr'><strong>fidar</strong></span> <span class='ocrx_word' id='word_1_263' title='bbox 1160 2164 1368 2203; x_wconf 86' lang='lat' dir='ltr'><strong>nessuno,</strong></span> <span class='ocrx_word' id='word_1_264' title='bbox 1394 2147 1585 2193; x_wconf 89' lang='lat' dir='ltr'><strong>essendo</strong></span> <span class='ocrx_word' id='word_1_265' title='bbox 1611 2146 1820 2202; x_wconf 78' lang='lat' dir='ltr'><strong>instabili,</strong></span> <span class='ocrx_word' id='word_1_266' title='bbox 1846 2156 1891 2191; x_wconf 92' lang='lat' dir='ltr'><strong>et</strong></span> 
     </span>
     <span class='ocr_line' id='line_1_27' title="bbox 255 2221 1891 2286; baseline -0.002 -17"><span class='ocrx_word' id='word_1_267' title='bbox 255 2224 459 2270; x_wconf 91' lang='lat' dir='ltr'><strong>decendo</strong></span> <span class='ocrx_word' id='word_1_268' title='bbox 485 2222 591 2268; x_wconf 91' lang='lat' dir='ltr'><strong>tutti</strong></span> <span class='ocrx_word' id='word_1_269' title='bbox 619 2222 645 2268; x_wconf 90' lang='lat' dir='ltr'><strong>li</strong></span> <span class='ocrx_word' id='word_1_270' title='bbox 670 2223 759 2267; x_wconf 90' lang='lat' dir='ltr'><strong>cosi</strong></span> <span class='ocrx_word' id='word_1_271' title='bbox 787 2222 856 2267; x_wconf 90' lang='lat' dir='ltr'><strong>alli</strong></span> <span class='ocrx_word' id='word_1_272' title='bbox 884 2222 1082 2285; x_wconf 91' lang='lat' dir='ltr'><strong>parenti:</strong></span> <span class='ocrx_word' id='word_1_273' title='bbox 1109 2233 1270 2286; x_wconf 86' lang='lat' dir='ltr'><strong>questo</strong></span> <span class='ocrx_word' id='word_1_274' title='bbox 1287 2221 1501 2268; x_wconf 82' lang='lat' dir='ltr'><strong>iudicaria</strong></span> <span class='ocrx_word' id='word_1_275' title='bbox 1519 2222 1630 2267; x_wconf 88' lang='lat' dir='ltr'><strong>seria</strong></span> <span class='ocrx_word' id='word_1_276' title='bbox 1650 2237 1762 2284; x_wconf 84' lang='lat' dir='ltr'><strong>gran</strong></span> <span class='ocrx_word' id='word_1_277' title='bbox 1783 2237 1891 2283; x_wconf 87' lang='lat' dir='ltr'><strong>pro-</strong></span> 
     </span>
     <span class='ocr_line' id='line_1_28' title="bbox 257 2296 833 2344; baseline -0.004 0"><span class='ocrx_word' id='word_1_278' title='bbox 257 2298 359 2344; x_wconf 91' lang='lat' dir='ltr'><strong>fitto</strong></span> <span class='ocrx_word' id='word_1_279' title='bbox 384 2296 499 2343; x_wconf 88' lang='lat' dir='ltr'><strong>delle</strong></span> <span class='ocrx_word' id='word_1_280' title='bbox 522 2297 640 2342; x_wconf 89' lang='lat' dir='ltr'><strong>scole</strong></span> <span class='ocrx_word' id='word_1_281' title='bbox 665 2308 833 2344; x_wconf 87' lang='lat' dir='ltr'><strong>nostra.</strong></span> 
     </span>
    </p>

    <p class='ocr_par' dir='ltr' id='par_1_5' title="bbox 257 2367 1892 2954">
     <span class='ocr_line' id='line_1_29' title="bbox 324 2367 1889 2435; baseline -0.004 -17"><span class='ocrx_word' id='word_1_282' title='bbox 324 2372 524 2435; x_wconf 70' lang='lat' dir='ltr'><strong>Quinto:</strong></span> <span class='ocrx_word' id='word_1_283' title='bbox 551 2371 766 2418; x_wconf 85' lang='lat' dir='ltr'><strong>iudicaria</strong></span> <span class='ocrx_word' id='word_1_284' title='bbox 789 2371 912 2417; x_wconf 86' lang='lat' dir='ltr'><strong>bono</strong></span> <span class='ocrx_word' id='word_1_285' title='bbox 938 2388 1116 2427; x_wconf 89' lang='lat' dir='ltr'><strong>ancora,</strong></span> <span class='ocrx_word' id='word_1_286' title='bbox 1141 2371 1174 2416; x_wconf 91' lang='lat' dir='ltr'><strong>si</strong></span> <span class='ocrx_word' id='word_1_287' title='bbox 1201 2370 1274 2416; x_wconf 87' lang='lat' dir='ltr'><strong>tali</strong></span> <span class='ocrx_word' id='word_1_288' title='bbox 1302 2369 1420 2433; x_wconf 90' lang='lat' dir='ltr'><strong>putti</strong></span> <span class='ocrx_word' id='word_1_289' title='bbox 1447 2367 1614 2414; x_wconf 86' lang='lat' dir='ltr'><strong>fossere</strong></span> <span class='ocrx_word' id='word_1_290' title='bbox 1637 2368 1680 2414; x_wconf 91' lang='lat' dir='ltr'><strong>di</strong></span> <span class='ocrx_word' id='word_1_291' title='bbox 1717 2367 1889 2430; x_wconf 85' lang='lat' dir='ltr'><strong>parenti</strong></span> 
     </span>
     <span class='ocr_line' id='line_1_30' title="bbox 257 2442 1891 2509; baseline -0.003 -17"><span class='ocrx_word' id='word_1_292' title='bbox 257 2446 464 2493; x_wconf 86' lang='lat' dir='ltr'><strong>catholici</strong></span> <span class='ocrx_word' id='word_1_293' title='bbox 488 2457 533 2492; x_wconf 91' lang='lat' dir='ltr'><strong>et</strong></span> <span class='ocrx_word' id='word_1_294' title='bbox 557 2446 602 2492; x_wconf 91' lang='lat' dir='ltr'><strong>di</strong></span> <span class='ocrx_word' id='word_1_295' title='bbox 628 2448 701 2492; x_wconf 75' lang='lat' dir='ltr'><strong>eta</strong></span> <span class='ocrx_word' id='word_1_296' title='bbox 727 2446 976 2492; x_wconf 89' lang='lat' dir='ltr'><strong>sufficiente</strong></span> <span class='ocrx_word' id='word_1_297' title='bbox 1007 2462 1086 2509; x_wconf 91' lang='lat' dir='ltr'><strong>per</strong></span> <span class='ocrx_word' id='word_1_298' title='bbox 1115 2443 1344 2491; x_wconf 88' lang='lat' dir='ltr'><strong>confessar</strong></span> <span class='ocrx_word' id='word_1_299' title='bbox 1374 2455 1419 2489; x_wconf 90' lang='lat' dir='ltr'><strong>et</strong></span> <span class='ocrx_word' id='word_1_300' title='bbox 1449 2443 1776 2499; x_wconf 86' lang='lat' dir='ltr'><strong>communicar‚</strong></span> <span class='ocrx_word' id='word_1_301' title='bbox 1807 2442 1891 2488; x_wconf 87' lang='lat' dir='ltr'><strong>che</strong></span> 
     </span>
     <span class='ocr_line' id='line_1_31' title="bbox 259 2516 1891 2582; baseline -0.002 -16"><span class='ocrx_word' id='word_1_302' title='bbox 259 2538 351 2567; x_wconf 91' lang='lat' dir='ltr'><strong>non</strong></span> <span class='ocrx_word' id='word_1_303' title='bbox 389 2521 424 2567; x_wconf 90' lang='lat' dir='ltr'><strong>si</strong></span> <span class='ocrx_word' id='word_1_304' title='bbox 450 2519 571 2566; x_wconf 85' lang='lat' dir='ltr'><strong>fusse</strong></span> <span class='ocrx_word' id='word_1_305' title='bbox 595 2521 700 2566; x_wconf 90' lang='lat' dir='ltr'><strong>data</strong></span> <span class='ocrx_word' id='word_1_306' title='bbox 724 2520 765 2566; x_wconf 87' lang='lat' dir='ltr'><strong>la</strong></span> <span class='ocrx_word' id='word_1_307' title='bbox 796 2521 1122 2567; x_wconf 89' lang='lat' dir='ltr'><strong>communione</strong></span> <span class='ocrx_word' id='word_1_308' title='bbox 1154 2520 1198 2565; x_wconf 88' lang='lat' dir='ltr'><strong>in</strong></span> <span class='ocrx_word' id='word_1_309' title='bbox 1233 2519 1433 2582; x_wconf 89' lang='lat' dir='ltr'><strong>publico,</strong></span> <span class='ocrx_word' id='word_1_310' title='bbox 1464 2518 1561 2564; x_wconf 73' lang='lat' dir='ltr'><strong>cioe</strong></span> <span class='ocrx_word' id='word_1_311' title='bbox 1592 2516 1677 2563; x_wconf 90' lang='lat' dir='ltr'><strong>sub</strong></span> <span class='ocrx_word' id='word_1_312' title='bbox 1707 2533 1891 2562; x_wconf 88' lang='lat' dir='ltr'><strong>summo</strong></span> 
     </span>
     <span class='ocr_line' id='line_1_32' title="bbox 257 2590 1891 2658; baseline -0.003 -18"><span class='ocrx_word' id='word_1_313' title='bbox 257 2611 398 2650; x_wconf 88' lang='lat' dir='ltr'><strong>sacro,</strong></span> <span class='ocrx_word' id='word_1_314' title='bbox 424 2595 610 2658; x_wconf 90' lang='lat' dir='ltr'><strong>quando</strong></span> <span class='ocrx_word' id='word_1_315' title='bbox 636 2595 675 2640; x_wconf 86' lang='lat' dir='ltr'><strong>la</strong></span> <span class='ocrx_word' id='word_1_316' title='bbox 700 2607 834 2658; x_wconf 85' lang='lat' dir='ltr'><strong>gente</strong></span> <span class='ocrx_word' id='word_1_317' title='bbox 856 2596 938 2641; x_wconf 90' lang='lat' dir='ltr'><strong>che</strong></span> <span class='ocrx_word' id='word_1_318' title='bbox 962 2607 1088 2641; x_wconf 88' lang='lat' dir='ltr'><strong>senta</strong></span> <span class='ocrx_word' id='word_1_319' title='bbox 1114 2595 1152 2639; x_wconf 90' lang='lat' dir='ltr'><strong>la</strong></span> <span class='ocrx_word' id='word_1_320' title='bbox 1177 2593 1372 2656; x_wconf 80' lang='lat' dir='ltr'><strong>predica3</strong></span> <span class='ocrx_word' id='word_1_321' title='bbox 1396 2592 1577 2655; x_wconf 76' lang='lat' dir='ltr'><strong>perche,</strong></span> <span class='ocrx_word' id='word_1_322' title='bbox 1598 2591 1810 2637; x_wconf 86' lang='lat' dir='ltr'><strong>uedendo</strong></span> <span class='ocrx_word' id='word_1_323' title='bbox 1831 2590 1891 2635; x_wconf 90' lang='lat' dir='ltr'><strong>tal</strong></span> 
     </span>
     <span class='ocr_line' id='line_1_33' title="bbox 257 2666 1891 2731; baseline -0.003 -17"><span class='ocrx_word' id='word_1_324' title='bbox 257 2685 362 2714; x_wconf 90' lang='lat' dir='ltr'><strong>cosa</strong></span> <span class='ocrx_word' id='word_1_325' title='bbox 387 2668 413 2714; x_wconf 92' lang='lat' dir='ltr'><strong>li</strong></span> <span class='ocrx_word' id='word_1_326' title='bbox 442 2669 626 2725; x_wconf 87' lang='lat' dir='ltr'><strong>hussite,</strong></span> <span class='ocrx_word' id='word_1_327' title='bbox 652 2685 853 2731; x_wconf 87' lang='lat' dir='ltr'><strong>pensano</strong></span> <span class='ocrx_word' id='word_1_328' title='bbox 873 2668 1024 2714; x_wconf 90' lang='lat' dir='ltr'><strong>subito</strong></span> <span class='ocrx_word' id='word_1_329' title='bbox 1043 2668 1125 2714; x_wconf 90' lang='lat' dir='ltr'><strong>che</strong></span> <span class='ocrx_word' id='word_1_330' title='bbox 1141 2667 1215 2713; x_wconf 90' lang='lat' dir='ltr'><strong>noi</strong></span> <span class='ocrx_word' id='word_1_331' title='bbox 1235 2667 1260 2712; x_wconf 90' lang='lat' dir='ltr'><strong>l&#39;</strong></span> <span class='ocrx_word' id='word_1_332' title='bbox 1282 2667 1494 2713; x_wconf 89' lang='lat' dir='ltr'><strong>habiamo</strong></span> <span class='ocrx_word' id='word_1_333' title='bbox 1512 2666 1647 2711; x_wconf 89' lang='lat' dir='ltr'><strong>mossi</strong></span> <span class='ocrx_word' id='word_1_334' title='bbox 1669 2681 1747 2728; x_wconf 91' lang='lat' dir='ltr'><strong>per</strong></span> <span class='ocrx_word' id='word_1_335' title='bbox 1766 2681 1891 2710; x_wconf 90' lang='lat' dir='ltr'><strong>com-</strong></span> 
     </span>
     <span class='ocr_line' id='line_1_34' title="bbox 258 2739 1892 2805; baseline -0.002 -17"><span class='ocrx_word' id='word_1_336' title='bbox 258 2743 477 2799; x_wconf 89' lang='lat' dir='ltr'><strong>municar,</strong></span> <span class='ocrx_word' id='word_1_337' title='bbox 510 2754 555 2789; x_wconf 92' lang='lat' dir='ltr'><strong>et</strong></span> <span class='ocrx_word' id='word_1_338' title='bbox 585 2743 695 2799; x_wconf 81' lang='lat' dir='ltr'><strong>cosi,</strong></span> <span class='ocrx_word' id='word_1_339' title='bbox 730 2744 944 2789; x_wconf 86' lang='lat' dir='ltr'><strong>temendo</strong></span> <span class='ocrx_word' id='word_1_340' title='bbox 978 2742 1036 2788; x_wconf 85' lang='lat' dir='ltr'><strong>tal</strong></span> <span class='ocrx_word' id='word_1_341' title='bbox 1069 2759 1171 2788; x_wconf 90' lang='lat' dir='ltr'><strong>cosa</strong></span> <span class='ocrx_word' id='word_1_342' title='bbox 1203 2758 1367 2787; x_wconf 85' lang='lat' dir='ltr'><strong>ancora</strong></span> <span class='ocrx_word' id='word_1_343' title='bbox 1399 2741 1502 2787; x_wconf 89' lang='lat' dir='ltr'><strong>delli</strong></span> <span class='ocrx_word' id='word_1_344' title='bbox 1529 2741 1611 2805; x_wconf 86' lang='lat' dir='ltr'><strong>soj,</strong></span> <span class='ocrx_word' id='word_1_345' title='bbox 1646 2739 1672 2785; x_wconf 90' lang='lat' dir='ltr'><strong>li</strong></span> <span class='ocrx_word' id='word_1_346' title='bbox 1707 2739 1892 2802; x_wconf 86' lang='lat' dir='ltr'><strong>piglano</strong></span> 
     </span>
     <span class='ocr_line' id='line_1_35' title="bbox 258 2812 1892 2878; baseline -0.003 -17"><span class='ocrx_word' id='word_1_347' title='bbox 258 2814 406 2874; x_wconf 86' lang='lat' dir='ltr'><strong>fuora,</strong></span> <span class='ocrx_word' id='word_1_348' title='bbox 432 2834 460 2862; x_wconf 94' lang='lat' dir='ltr'><strong>o</strong></span> <span class='ocrx_word' id='word_1_349' title='bbox 486 2833 578 2862; x_wconf 92' lang='lat' dir='ltr'><strong>non</strong></span> <span class='ocrx_word' id='word_1_350' title='bbox 606 2816 631 2862; x_wconf 93' lang='lat' dir='ltr'><strong>li</strong></span> <span class='ocrx_word' id='word_1_351' title='bbox 658 2815 830 2862; x_wconf 89' lang='lat' dir='ltr'><strong>lassano</strong></span> <span class='ocrx_word' id='word_1_352' title='bbox 856 2817 1010 2862; x_wconf 87' lang='lat' dir='ltr'><strong>uenire</strong></span> <span class='ocrx_word' id='word_1_353' title='bbox 1035 2816 1113 2878; x_wconf 76' lang='lat' dir='ltr'><strong>piu</strong></span> <span class='ocrx_word' id='word_1_354' title='bbox 1141 2815 1225 2861; x_wconf 87' lang='lat' dir='ltr'><strong>alla</strong></span> <span class='ocrx_word' id='word_1_355' title='bbox 1255 2815 1387 2861; x_wconf 88' lang='lat' dir='ltr'><strong>scola.</strong></span> <span class='ocrx_word' id='word_1_356' title='bbox 1428 2813 1647 2859; x_wconf 87' lang='lat' dir='ltr'><strong>Potriano</strong></span> <span class='ocrx_word' id='word_1_357' title='bbox 1679 2812 1892 2875; x_wconf 89' lang='lat' dir='ltr'><strong>adunque</strong></span> 
     </span>
     <span class='ocr_line' id='line_1_36' title="bbox 258 2887 1889 2954; baseline -0.002 -19"><span class='ocrx_word' id='word_1_358' title='bbox 258 2890 332 2935; x_wconf 86' lang='lat' dir='ltr'><strong>tali</strong></span> <span class='ocrx_word' id='word_1_359' title='bbox 358 2890 694 2936; x_wconf 89' lang='lat' dir='ltr'><strong>communicare</strong></span> <span class='ocrx_word' id='word_1_360' title='bbox 717 2907 746 2935; x_wconf 94' lang='lat' dir='ltr'><strong>o</strong></span> <span class='ocrx_word' id='word_1_361' title='bbox 767 2891 879 2937; x_wconf 89' lang='lat' dir='ltr'><strong>nella</strong></span> <span class='ocrx_word' id='word_1_362' title='bbox 903 2890 1052 2954; x_wconf 90' lang='lat' dir='ltr'><strong>prima</strong></span> <span class='ocrx_word' id='word_1_363' title='bbox 1075 2907 1103 2936; x_wconf 97' lang='lat' dir='ltr'><strong>o</strong></span> <span class='ocrx_word' id='word_1_364' title='bbox 1129 2900 1390 2936; x_wconf 88' lang='lat' dir='ltr'><strong>ueramente</strong></span> <span class='ocrx_word' id='word_1_365' title='bbox 1411 2887 1527 2934; x_wconf 88' lang='lat' dir='ltr'><strong>nella</strong></span> <span class='ocrx_word' id='word_1_366' title='bbox 1545 2887 1704 2934; x_wconf 84' lang='lat' dir='ltr'><strong>ultima</strong></span> <span class='ocrx_word' id='word_1_367' title='bbox 1733 2902 1889 2942; x_wconf 90' lang='lat' dir='ltr'><strong>messa;</strong></span> 
     </span>
    </p>
   </div>
   <div class='ocr_carea' id='block_1_3' title="bbox 312 3060 877 3163">
    <p class='ocr_par' dir='ltr' id='par_1_6' title="bbox 312 3060 877 3163">
     <span class='ocr_line' id='line_1_37' title="bbox 313 3060 633 3108; baseline 0 -9"><span class='ocrx_word' id='word_1_368' title='bbox 313 3060 325 3086; x_wconf 92' lang='lat'><strong>¹</strong></span> <span class='ocrx_word' id='word_1_369' title='bbox 384 3062 484 3099; x_wconf 82' lang='lat' dir='ltr'><strong>Luc.</strong></span> <span class='ocrx_word' id='word_1_370' title='bbox 507 3070 547 3108; x_wconf 82' lang='lat' dir='ltr'><strong>x,</strong></span> <span class='ocrx_word' id='word_1_371' title='bbox 569 3072 633 3108; x_wconf 84' lang='lat'><strong>34·</strong></span> 
     </span>
     <span class='ocr_line' id='line_1_38' title="bbox 312 3121 877 3163; baseline -0.002 0"><span class='ocrx_word' id='word_1_372' title='bbox 312 3121 327 3142; x_wconf 82' lang='lat'>⁸</span> <span class='ocrx_word' id='word_1_373' title='bbox 383 3125 425 3163; x_wconf 92' lang='lat' dir='ltr'><strong>P.</strong></span> <span class='ocrx_word' id='word_1_374' title='bbox 447 3125 633 3162; x_wconf 87' lang='lat' dir='ltr'><strong>Nicolaus</strong></span> <span class='ocrx_word' id='word_1_375' title='bbox 654 3124 877 3162; x_wconf 80' lang='lat' dir='ltr'><strong>Gaudanus.</strong></span> 
     </span>
    </p>
   </div>
  </div>
 </body>
</html>
