2066 3516
774 268 823 306 28
853 268 1103 307 NOVEMBms
1135 279 1246 319 1555*
1698 281 1772 320 109

183 370 400 435 llegamos
423 374 450 419 Ξι
475 372 622 419 Lerici
650 374 676 418 a
705 387 731 418 2
756 374 827 419 del
853 385 1077 437 presente,
1098 390 1188 419 una
1209 373 1320 419 hora
1341 372 1827 436 despues‘dembarca-

179 446 263 492 dos
289 445 356 492 los
379 458 603 503 nuestros,
631 464 657 509 y
684 448 981 494 embarcados
1010 465 1093 494 nos
1117 464 1330 511 paramos
1351 449 1376 494 a
1404 461 1428 510 5
1458 447 1618 507 millas,
1642 466 1671 512 y
1696 448 1774 495 dai
1799 452 1824 496 a

178 521 264 567 dos
287 521 388 568 dias
411 538 471 583 yo
498 520 567 567 fui
594 524 620 568 3
645 523 801 568 uisitar
826 523 892 569 los
916 535 1154 585 nuestros,
1179 540 1208 585 y
1233 539 1290 568 en
1316 522 1378 568 fin
1403 522 1554 585 llegue
1580 523 1618 568 el
1648 540 1826 570 mesmo

178 593 278 649 dia,
311 595 524 642 dexando
558 595 631 659 [a]
674 596 713 642 el
756 597 810 644 P.
852 596 1038 643 Nadal¹
1070 614 1156 643 con
1193 597 1259 642 los
1288 597 1372 642 dos
1401 597 1736 659 companheros
1767 614 1823 643 en

177 667 322 715 Porto
342 669 535 716 Venere.
562 670 706 717 Halle':
731 688 820 735 que
848 671 1106 718 Lancilloto
1126 669 1143 695 ²
1162 671 1286 716 tenia
1306 670 1422 716 mala
1442 687 1532 716 una
1551 671 1744 728 rodilha,
1763 673 1826 718 de

178 760 268 788 una
291 743 430 789 cierta
452 745 580 791 caida
603 762 693 809 que
716 746 794 792 dio
820 747 848 792 ὅ
880 746 920 791 le
949 746 1059 792 hizo
1091 746 1176 792 dar
1210 745 1251 790 13
1275 761 1374 790 mar
1398 762 1453 791 en
1485 745 1549 791 las
1573 762 1767 809 pegnas:
1794 764 1819 809 y

175 817 215 862 el
235 834 338 864 caso
358 816 436 864 fue
461 835 566 882 que,
585 820 750 866 stando
772 820 1002 866 haziendo
1022 836 1083 865 no
1107 819 1155 865 se
1180 819 1422 883 quejunto
1443 821 1469 865 Ξι
1487 819 1529 864 13
1549 836 1662 877 mar,
1688 820 1825 867 sobre

175 908 266 938 una
290 909 455 956 pegna,
485 893 592 939 uino
618 911 708 939 una
732 894 807 940 ola
827 895 886 940 de
913 895 954 940 la
978 911 1090 950 mar,
1119 911 1145 957 y
1170 893 1215 939 10
1239 893 1400 940 cubri6
1427 911 1453 955 y
1481 894 1642 948 chocc'),
1669 912 1696 957 y
1721 895 1818 942 des-

176 967 291 1029 pues
314 979 414 1013 otra
439 967 484 1013 10
508 968 628 1014 lleuo
653 971 752 1015 mas
783 968 934 1014 abaxo
966 985 1052 1014 con
1085 968 1256 1014 mucho
1287 967 1464 1031 peligro
1498 969 1554 1014 de
1579 969 1822 1032 ahogarse;

174 1057 271 1086 mas
294 1058 476 1105 aunque
511 1041 645 1088 beui6
677 1042 783 1105 algo
817 1041 890 1088 del
924 1058 1064 1105 agua,
1092 1058 1151 1087 no
1184 1041 1224 1087 le
1255 1042 1364 1087 hizo
1395 1055 1500 1087 otro
1526 1042 1695 1099 danho,
1720 1043 1823 1089 sino

173 1115 305 1179 aquel
343 1116 432 1161 mal
470 1133 560 1180 que
597 1128 738 1180 tengo
774 1116 912 1163 dicho
953 1133 1008 1162 en
1050 1116 1092 1161 la
1134 1115 1307 1161 rodilla.
1343 1115 1550 1178 Llegado
1582 1133 1640 1178 yo
1678 1116 1754 1162 alli
1794 1120 1819 1163 a

172 1189 408 1247 Uernaca,
440 1190 559 1237 halle
590 1203 842 1254 questauan
876 1191 1012 1236 todos
1047 1190 1136 1236 mal
1173 1191 1507 1237 accomodados
1540 1191 1598 1237 de
1629 1192 1742 1237 todo
1773 1191 1822 1238 10

173 1265 447 1323 necessario,
473 1282 501 1327 y
527 1277 701 1328 quanto
726 1265 767 1310 al
797 1264 978 1311 dormir
1010 1281 1071 1310 no
1105 1264 1268 1322 tenian,
1294 1266 1392 1310 mas
1421 1281 1511 1328 que
1542 1265 1627 1311 dos
1652 1265 1818 1322 lechos,

172 1339 352 1386 adonde
375 1339 591 1386 dormian
617 1339 685 1385 los
718 1342 818 1386 mas
847 1338 1009 1395 flacos,
1041 1356 1070 1401 y
1105 1338 1173 1384 los
1197 1339 1359 1385 demas
1382 1338 1670 1385 dormiamos
1695 1357 1752 1385 en
1777 1339 1816 1386 el

170 1414 318 1470 suelo‚
343 1430 522 1478 porque
545 1431 601 1460 en
627 1414 668 1460 la
699 1414 834 1461 tierra
867 1431 928 1460 no
959 1414 1065 1460 auia
1098 1415 1196 1460 mas
1226 1414 1520 1461 comodidad.
1553 1413 1611 1459 El
1642 1414 1816 1478 tiempo

169 1506 215 1535 se
245 1489 387 1535 acab6
420 1489 625 1536 tambien
659 1490 716 1536 de
747 1489 925 1536 danhar
963 1489 1021 1536 de
1051 1489 1186 1547 todo,
1217 1506 1245 1551 y
1277 1489 1364 1535 assi
1405 1489 1547 1535 heche
1587 1489 1817 1538 consulta:

168 1563 304 1610 todos
327 1562 493 1609 fueron
517 1564 574 1611 de
599 1581 783 1627 parecer
807 1581 896 1628 que
930 1562 1186 1610 fuessemos
1215 1580 1301 1626 por
1333 1563 1488 1620 tierra,
1521 1580 1549 1626 y
1575 1563 1616 1609 la
1642 1564 1812 1627 princi—

166 1638 240 1701 pal
270 1655 404 1684 causa
432 1655 534 1696 era,
566 1655 745 1703 porque
777 1638 946 1685 dezian
977 1637 1046 1684 los
1078 1636 1384 1701 intelligentes
1424 1654 1514 1702 que
1546 1638 1734 1684 duraz-ia
1775 1640 1814 1685 el

166 1811 247 1848 suis
268 1811 444 1856 collegiis
465 1811 738 1847 admiscendos
759 1821 857 1857 esse,
879 1815 960 1846 turn
978 1810 1027 1846 ad
1047 1811 1232 1857 majorem
1255 1809 1439 1846 unionem
1462 1809 1561 1846 inter
1583 1820 1719 1847 omnes
1738 1821 1813 1847 na-

165 1875 304 1922 tiones,
322 1879 404 1911 tum
417 1875 508 1922 quia
523 1875 673 1922 aliquid
693 1874 887 1921 peculiare
909 1878 946 1909 et
966 1873 1185 1909 imitatione
1201 1872 1360 1919 dignum
1382 1872 1421 1908 in
1437 1874 1625 1920 cujusque
1646 1873 1819 1909 nationis

164 1938 385 1978 hominibus
406 1948 490 1974 esse
510 1939 621 1985 solet,
642 1938 746 1984 quod
767 1938 866 1973 alios
888 1937 1070 1982 expediat
1091 1936 1271 1973 imitari.»
1293 1936 1503 1981 POLANCO,
1526 1939 1551 1973 t.
1571 1945 1614 1982 V,
1635 1947 1723 1983 pag.
1747 1947 1815 1982 40,

164 2012 228 2047 41,
249 2011 286 2038 n.
305 2011 367 2048 72.
388 2000 489 2036 Vide
510 1999 650 2046 Ignatii
670 2000 830 2046 litteras,
848 2000 989 2046 quibus
1007 1998 1227 2050 Gongalves
1248 1999 1298 2034 da
1318 1998 1483 2035 Camara
1504 1999 1811 2044 commendatur,

167 2051 339 2107 Canas,
360 2067 389 2102 t.
411 2071 470 2109 vt,
491 2074 582 2110 pag.
606 2073 742 2110 34-41.

217 2123 232 2150 ¹
290 2125 364 2173 Qui
385 2125 424 2162 in
443 2126 671 2172 Hispaniam
693 2135 781 2162 cum
802 2124 1023 2172 Gonealves
1046 2128 1084 2160 et
1103 2124 1222 2161 sociis
1242 2124 1290 2159 ab
1311 2123 1463 2170 Ignatio
1484 2124 1746 2169 mittebantur,
1768 2130 1813 2161 ut

165 2188 332 2234 collegio
352 2198 533 2235 romano,
559 2188 720 2235 penuria
744 2187 954 2232 laboranti,
983 2187 1238 2233 prospiceret,
1269 2186 1422 2232 aliaque
1449 2186 1627 2232 negotia,
1658 2187 1707 2222 ad
1738 2186 1810 2223 Dei

149 2252 329 2303 ¹gloriam
363 2251 596 2298 spectantia,
631 2250 844 2297 expediret.
883 2249 1025 2286 Confer
1059 2246 1220 2288 Cartas
1252 2246 1304 2285 de
1334 2245 1424 2287 San
1459 2245 1648 2299 Ignatio,
1684 2253 1712 2287 t.
1749 2258 1809 2297 VI,

163 2325 251 2360 pag.
275 2324 407 2361 19-32‚
426 2314 491 2350 ubi
513 2314 695 2350 mandata
715 2313 973 2358 continentur,
995 2322 1094 2358 quae
1114 2311 1218 2348 Patri
1247 2311 1373 2347 Nadal
1394 2311 1569 2358 Ignatius
1589 2311 1807 2358 injunxerat

164 2377 427 2424 exsequenda.
450 2377 506 2413 Ea
525 2377 611 2423 ipsa
635 2376 770 2424 paucis
795 2377 1021 2423 complexus
1048 2380 1106 2411 est
1135 2375 1238 2411 idern
1260 2375 1435 2421 Ignatius
1453 2374 1594 2411 Joanni
1615 2375 1662 2411 de
1684 2375 1806 2421 Vega,

165 2440 323 2477 Siciliae
342 2441 508 2487 proregi,
529 2440 716 2477 scribens:
740 2438 810 2475 «El
830 2439 945 2475 Mtro.
967 2438 1141 2476 Nadal...
1165 2448 1223 2474 no·
1236 2435 1319 2474 esta
1341 2448 1388 2474 en
1409 2438 1542 2484 Roma,
1565 2449 1713 2484 porque
1733 2448 1806 2474 con

164 2506 269 2539 estos
289 2503 455 2550 tiempos
476 2508 542 2539 tan
563 2502 706 2539 fuertes
727 2513 800 2550 que
821 2502 899 2539 han
918 2501 1071 2538 corrido
1098 2511 1125 2547 y
1151 2511 1307 2546 corren,
1338 2501 1500 2537 estaban
1521 2511 1568 2536 en
1590 2501 1740 2548 peligro
1760 2502 1811 2537 de

164 2565 393 2602 deshaeerse
414 2570 518 2602 estas
538 2566 655 2601 obras
674 2565 721 2601 de
743 2569 850 2601 tanto
869 2563 1036 2601 servicio
1057 2563 1191 2599 divino
1211 2559 1234 2599 έι
1253 2573 1327 2610 que
1353 2563 1579 2599 atendemos
1601 2574 1649 2599 en
1668 2563 1808 2611 Roma,

165 2628 461 2674 especialmente
485 2629 544 2665 los
564 2628 758 2675 Colegios,
779 2638 849 2674 por
871 2627 966 2664 salta
985 2627 1033 2663 de
1054 2636 1211 2663 socorro
1232 2627 1433 2672 temporal;
1454 2636 1481 2672 y
1501 2622 1561 2662 asi
1580 2626 1616 2662 le
1636 2626 1738 2662 hube
1758 2626 1806 2662 de

164 2692 299 2728 enviar
317 2689 342 2728 έι
360 2692 517 2739 Εερειῇε,
537 2703 633 2739 para
659 2703 733 2739 que
760 2692 798 2728 lo
823 2701 1050 2738 procurase,
1069 2701 1096 2736 y
1123 2700 1218 2736 para
1243 2690 1409 2736 algunos
1440 2694 1547 2726 otros
1567 2689 1711 2726 efectos
1732 2700 1808 2736 que

164 2755 409 2801 importaban
442 2766 536 2802 para
562 2756 598 2792 el
624 2755 714 2792 bien
747 2765 907 2800 comun,
935 2764 983 2789 en
1010 2763 1083 2800 que
1118 2753 1324 2788 deseamos
1350 2753 1593 2798 emplearnos
1626 2748 1648 2788 ἐ,
1682 2752 1807 2798 gloria

163 2817 332 2856 divina.»
358 2815 535 2862 Cartas,
556 2814 671 2864 ibid„
692 2829 782 2865 pag.
802 2827 873 2864 97,
894 2817 957 2864 98.
985 2815 1044 2852 Cf.
1068 2815 1287 2861 POLANCO,
1308 2819 1337 2852 t.
1360 2823 1402 2860 V,
1424 2824 1515 2860 pag.
1539 2823 1602 2860 30,
1624 2824 1660 2850 n.
1685 2822 1747 2861 52,
1769 2818 1806 2849 et

162 2879 326 2926 NADAL,
346 2877 497 2930 Epist„
519 2884 544 2918 t.
565 2887 607 2926 11,
624 2890 716 2926 pag.
740 2890 810 2927 39,
830 2879 897 2915 ubi
918 2879 1015 2915 inter
1036 2876 1112 2912 alia
1132 2876 1266 2912 scribit
1290 2876 1393 2923 ipse:
1418 2875 1547 2912 «Haec
1567 2875 1702 2912 missio
1725 2885 1805 2911 non

164 2940 237 2978 fuit
256 2943 305 2978 ad
324 2942 572 2988 visitandum,
593 2942 662 2979 sed
682 2947 724 2978 vt
743 2944 1031 2978 succurreretur
1051 2938 1265 2985 provisioni
1286 2938 1439 2985 collegij
1460 2938 1646 2974 romani.»

217 2999 236 3026 ²
288 3003 347 3039 De
365 3003 584 3041 Lancilloto
604 3003 709 3052 (aliis
727 3002 984 3051 Lancilotto)‚
1005 3001 1131 3048 patria
1150 3001 1354 3047 perusino,
1375 2999 1441 3047 qui
1462 3010 1585 3046 nuper
1604 2999 1643 3035 in
1663 2998 1804 3035 Socie-

164 3068 284 3102 tatem
303 3065 501 3112 ingressus
522 3066 647 3103 fuerat
665 3066 822 3112 Romae,
844 3070 882 3102 et
901 3074 1004 3101 nunc
1024 3063 1064 3099 in
1086 3063 1364 3110 Portuganiam
1384 3062 1610 3108 vehebatur,
1632 3061 1805 3098 diximus

166 3127 206 3167 in
225 3127 432 3175 POLANCQ
453 3132 482 3168 t.
506 3140 543 3176 ν,
562 3139 654 3176 pag.
677 3139 742 3176 40,
764 3132 895 3165 annot.
918 3136 956 3175 7.
