<?xml version="1.0" encoding="UTF-8"?>
<!DOCTYPE html PUBLIC "-//W3C//DTD XHTML 1.0 Transitional//EN"
    "http://www.w3.org/TR/xhtml1/DTD/xhtml1-transitional.dtd">
<html xmlns="http://www.w3.org/1999/xhtml" xml:lang="en" lang="en">
 <head>
  <title>
</title>
<meta http-equiv="Content-Type" content="text/html;charset=utf-8" />
  <meta name='ocr-system' content='tesseract 3.04.00' />
  <meta name='ocr-capabilities' content='ocr_page ocr_carea ocr_par ocr_line ocrx_word'/>
</head>
<body>
  <div class='ocr_page' id='page_1' title='image "./epistolaemixtaee05matruoft_0362.png"; bbox 0 0 2014 3528; ppageno 0'>
   <div class='ocr_carea' id='block_1_1' title="bbox 315 254 1374 316">
    <p class='ocr_par' dir='ltr' id='par_1_1' title="bbox 315 254 1374 316">
     <span class='ocr_line' id='line_1_1' title="bbox 315 254 1374 316; baseline 0.001 -15"><span class='ocrx_word' id='word_1_1' title='bbox 315 257 390 316; x_wconf 82' lang='lat'>356</span> <span class='ocrx_word' id='word_1_2' title='bbox 784 254 1015 302; x_wconf 65' lang='lat' dir='ltr'>EmsTomE</span> <span class='ocrx_word' id='word_1_3' title='bbox 1047 257 1374 315; x_wconf 70' lang='lat' dir='ltr'>M1XTAE—1147</span> 
     </span>
    </p>
   </div>
   <div class='ocr_carea' id='block_1_2' title="bbox 246 367 1892 3196">
    <p class='ocr_par' dir='ltr' id='par_1_2' title="bbox 247 367 1892 2436">
     <span class='ocr_line' id='line_1_2' title="bbox 260 367 1892 435; baseline -0.001 -17"><span class='ocrx_word' id='word_1_4' title='bbox 260 368 476 435; x_wconf 85' lang='lat' dir='ltr'>uegliosa,</span> <span class='ocrx_word' id='word_1_5' title='bbox 515 369 796 416; x_wconf 85' lang='lat' dir='ltr'>nondimeno</span> <span class='ocrx_word' id='word_1_6' title='bbox 828 369 909 433; x_wconf 78' lang='lat' dir='ltr'>piu</span> <span class='ocrx_word' id='word_1_7' title='bbox 942 370 966 415; x_wconf 78' lang='lat' dir='ltr'>e</span> <span class='ocrx_word' id='word_1_8' title='bbox 999 370 1043 416; x_wconf 92' lang='lat' dir='ltr'>in</span> <span class='ocrx_word' id='word_1_9' title='bbox 1081 370 1226 417; x_wconf 78' lang='lat' dir='ltr'>uerita</span> <span class='ocrx_word' id='word_1_10' title='bbox 1257 370 1301 418; x_wconf 91' lang='lat' dir='ltr'>di</span> <span class='ocrx_word' id='word_1_11' title='bbox 1334 369 1487 435; x_wconf 91' lang='lat' dir='ltr'>quello</span> <span class='ocrx_word' id='word_1_12' title='bbox 1518 370 1600 417; x_wconf 92' lang='lat' dir='ltr'>che</span> <span class='ocrx_word' id='word_1_13' title='bbox 1632 369 1793 417; x_wconf 89' lang='lat' dir='ltr'>scriuo.</span> <span class='ocrx_word' id='word_1_14' title='bbox 1827 367 1892 417; x_wconf 90' lang='lat' dir='ltr'>Et</span> 
     </span>
     <span class='ocr_line' id='line_1_3' title="bbox 261 444 1891 509; baseline -0.001 -17"><span class='ocrx_word' id='word_1_15' title='bbox 261 457 386 494; x_wconf 91' lang='lat' dir='ltr'>tanta</span> <span class='ocrx_word' id='word_1_16' title='bbox 416 446 440 491; x_wconf 79' lang='grc' dir='ltr'>ἐ</span> <span class='ocrx_word' id='word_1_17' title='bbox 473 445 513 490; x_wconf 88' lang='lat' dir='ltr'>la</span> <span class='ocrx_word' id='word_1_18' title='bbox 545 444 810 508; x_wconf 89' lang='lat' dir='ltr'>pouertade,</span> <span class='ocrx_word' id='word_1_19' title='bbox 852 445 934 491; x_wconf 92' lang='lat' dir='ltr'>che</span> <span class='ocrx_word' id='word_1_20' title='bbox 976 445 1017 491; x_wconf 91' lang='lat' dir='ltr'>la</span> <span class='ocrx_word' id='word_1_21' title='bbox 1048 445 1259 509; x_wconf 77' lang='lat' dir='ltr'>maggior</span> <span class='ocrx_word' id='word_1_22' title='bbox 1290 456 1416 509; x_wconf 89' lang='lat' dir='ltr'>parte</span> <span class='ocrx_word' id='word_1_23' title='bbox 1450 445 1567 493; x_wconf 91' lang='lat' dir='ltr'>delle</span> <span class='ocrx_word' id='word_1_24' title='bbox 1603 445 1757 492; x_wconf 90' lang='lat' dir='ltr'>donne</span> <span class='ocrx_word' id='word_1_25' title='bbox 1797 461 1891 492; x_wconf 90' lang='lat' dir='ltr'>non</span> 
     </span>
     <span class='ocr_line' id='line_1_4' title="bbox 261 519 1891 584; baseline -0.001 -17"><span class='ocrx_word' id='word_1_26' title='bbox 261 521 414 567; x_wconf 89' lang='lat' dir='ltr'>hanno</span> <span class='ocrx_word' id='word_1_27' title='bbox 438 537 524 566; x_wconf 92' lang='lat' dir='ltr'>con</span> <span class='ocrx_word' id='word_1_28' title='bbox 549 520 632 566; x_wconf 91' lang='lat' dir='ltr'>che</span> <span class='ocrx_word' id='word_1_29' title='bbox 656 519 868 583; x_wconf 86' lang='lat' dir='ltr'>coprirse,</span> <span class='ocrx_word' id='word_1_30' title='bbox 893 530 938 566; x_wconf 91' lang='lat' dir='ltr'>et</span> <span class='ocrx_word' id='word_1_31' title='bbox 963 520 1115 583; x_wconf 82' lang='lat' dir='ltr'>percio</span> <span class='ocrx_word' id='word_1_32' title='bbox 1141 520 1268 584; x_wconf 84' lang='lat' dir='ltr'>quasi</span> <span class='ocrx_word' id='word_1_33' title='bbox 1293 531 1416 567; x_wconf 88' lang='lat' dir='ltr'>tutto</span> <span class='ocrx_word' id='word_1_34' title='bbox 1432 520 1459 567; x_wconf 92' lang='lat' dir='ltr'>l&#39;</span> <span class='ocrx_word' id='word_1_35' title='bbox 1480 537 1600 566; x_wconf 90' lang='lat' dir='ltr'>anno</span> <span class='ocrx_word' id='word_1_36' title='bbox 1621 536 1710 566; x_wconf 90' lang='lat' dir='ltr'>non</span> <span class='ocrx_word' id='word_1_37' title='bbox 1736 536 1891 566; x_wconf 89' lang='lat' dir='ltr'>uanno</span> 
     </span>
     <span class='ocr_line' id='line_1_5' title="bbox 259 594 1890 658; baseline -0.001 -16"><span class='ocrx_word' id='word_1_38' title='bbox 259 596 342 642; x_wconf 86' lang='lat' dir='ltr'>alla</span> <span class='ocrx_word' id='word_1_39' title='bbox 367 612 523 642; x_wconf 89' lang='lat' dir='ltr'>messa.</span> <span class='ocrx_word' id='word_1_40' title='bbox 563 595 625 641; x_wconf 89' lang='lat' dir='ltr'>Et</span> <span class='ocrx_word' id='word_1_41' title='bbox 650 606 778 641; x_wconf 91' lang='lat' dir='ltr'>tanto</span> <span class='ocrx_word' id='word_1_42' title='bbox 803 611 949 641; x_wconf 91' lang='lat' dir='ltr'>sonno</span> <span class='ocrx_word' id='word_1_43' title='bbox 983 612 1170 658; x_wconf 91' lang='lat' dir='ltr'>pouere,</span> <span class='ocrx_word' id='word_1_44' title='bbox 1203 595 1301 653; x_wconf 92' lang='lat' dir='ltr'>che,</span> <span class='ocrx_word' id='word_1_45' title='bbox 1334 613 1380 642; x_wconf 92' lang='lat' dir='ltr'>se</span> <span class='ocrx_word' id='word_1_46' title='bbox 1410 612 1501 642; x_wconf 90' lang='lat' dir='ltr'>non</span> <span class='ocrx_word' id='word_1_47' title='bbox 1535 595 1813 641; x_wconf 86' lang='lat' dir='ltr'>lauorassero</span> <span class='ocrx_word' id='word_1_48' title='bbox 1849 594 1890 641; x_wconf 84' lang='lat' dir='ltr'>le</span> 
     </span>
     <span class='ocr_line' id='line_1_6' title="bbox 258 668 1892 734; baseline -0.001 -17"><span class='ocrx_word' id='word_1_49' title='bbox 258 669 547 727; x_wconf 88' lang='lat' dir='ltr'>domeniche,</span> <span class='ocrx_word' id='word_1_50' title='bbox 571 670 834 734; x_wconf 89' lang='lat' dir='ltr'>crepariano</span> <span class='ocrx_word' id='word_1_51' title='bbox 866 670 911 716; x_wconf 91' lang='lat' dir='ltr'>di</span> <span class='ocrx_word' id='word_1_52' title='bbox 953 668 1074 717; x_wconf 89' lang='lat' dir='ltr'>fame</span> <span class='ocrx_word' id='word_1_53' title='bbox 1105 687 1189 716; x_wconf 93' lang='lat' dir='ltr'>con</span> <span class='ocrx_word' id='word_1_54' title='bbox 1223 670 1251 716; x_wconf 88' lang='lat' dir='ltr'>li</span> <span class='ocrx_word' id='word_1_55' title='bbox 1283 670 1454 733; x_wconf 88' lang='lat' dir='ltr'>figlioli.</span> <span class='ocrx_word' id='word_1_56' title='bbox 1487 670 1607 716; x_wconf 89' lang='lat' dir='ltr'>Cosa</span> <span class='ocrx_word' id='word_1_57' title='bbox 1637 670 1682 716; x_wconf 91' lang='lat' dir='ltr'>in</span> <span class='ocrx_word' id='word_1_58' title='bbox 1715 685 1826 716; x_wconf 90' lang='lat' dir='ltr'>uero</span> <span class='ocrx_word' id='word_1_59' title='bbox 1866 686 1892 715; x_wconf 92' lang='lat' dir='ltr'>a</span> 
     </span>
     <span class='ocr_line' id='line_1_7' title="bbox 255 744 1890 810; baseline 0 -19"><span class='ocrx_word' id='word_1_60' title='bbox 255 746 352 792; x_wconf 88' lang='lat' dir='ltr'>dire</span> <span class='ocrx_word' id='word_1_61' title='bbox 376 745 601 809; x_wconf 89' lang='lat' dir='ltr'>stupenda</span> <span class='ocrx_word' id='word_1_62' title='bbox 625 756 672 792; x_wconf 90' lang='lat' dir='ltr'>et</span> <span class='ocrx_word' id='word_1_63' title='bbox 692 744 957 792; x_wconf 81' lang='lat' dir='ltr'><strong>miserabile.</strong></span> <span class='ocrx_word' id='word_1_64' title='bbox 984 746 1045 792; x_wconf 94' lang='lat' dir='ltr'>Di</span> <span class='ocrx_word' id='word_1_65' title='bbox 1065 762 1157 810; x_wconf 90' lang='lat' dir='ltr'>qua</span> <span class='ocrx_word' id='word_1_66' title='bbox 1182 746 1312 792; x_wconf 89' lang='lat' dir='ltr'>uiene</span> <span class='ocrx_word' id='word_1_67' title='bbox 1332 746 1414 792; x_wconf 92' lang='lat' dir='ltr'>che</span> <span class='ocrx_word' id='word_1_68' title='bbox 1438 746 1564 810; x_wconf 88' lang='lat' dir='ltr'>quasi</span> <span class='ocrx_word' id='word_1_69' title='bbox 1591 744 1717 792; x_wconf 85' lang='lat' dir='ltr'>nullo</span> <span class='ocrx_word' id='word_1_70' title='bbox 1743 745 1890 808; x_wconf 85' lang='lat' dir='ltr'>potia-</span> 
     </span>
     <span class='ocr_line' id='line_1_8' title="bbox 256 818 1889 884; baseline -0.001 -17"><span class='ocrx_word' id='word_1_71' title='bbox 256 837 334 867; x_wconf 91' lang='lat' dir='ltr'>mo</span> <span class='ocrx_word' id='word_1_72' title='bbox 358 830 526 867; x_wconf 88' lang='lat' dir='ltr'>attrare</span> <span class='ocrx_word' id='word_1_73' title='bbox 556 837 580 866; x_wconf 88' lang='lat' dir='ltr'>a</span> <span class='ocrx_word' id='word_1_74' title='bbox 616 818 858 867; x_wconf 86' lang='lat' dir='ltr'>confesarsi</span> <span class='ocrx_word' id='word_1_75' title='bbox 890 831 935 866; x_wconf 88' lang='lat' dir='ltr'>et</span> <span class='ocrx_word' id='word_1_76' title='bbox 965 820 1264 867; x_wconf 87' lang='lat' dir='ltr'>comunicarsi</span> <span class='ocrx_word' id='word_1_77' title='bbox 1297 819 1336 866; x_wconf 92' lang='lat' dir='ltr'>al</span> <span class='ocrx_word' id='word_1_78' title='bbox 1366 837 1532 884; x_wconf 91' lang='lat' dir='ltr'>spesso,</span> <span class='ocrx_word' id='word_1_79' title='bbox 1564 820 1759 866; x_wconf 89' lang='lat' dir='ltr'>dicendo</span> <span class='ocrx_word' id='word_1_80' title='bbox 1789 818 1889 866; x_wconf 89' lang='lat' dir='ltr'>loro</span> 
     </span>
     <span class='ocr_line' id='line_1_9' title="bbox 254 894 1890 959; baseline -0.001 -18"><span class='ocrx_word' id='word_1_81' title='bbox 254 895 336 942; x_wconf 93' lang='lat' dir='ltr'>che</span> <span class='ocrx_word' id='word_1_82' title='bbox 362 911 455 941; x_wconf 88' lang='lat' dir='ltr'>non</span> <span class='ocrx_word' id='word_1_83' title='bbox 481 894 634 940; x_wconf 90' lang='lat' dir='ltr'>hanno</span> <span class='ocrx_word' id='word_1_84' title='bbox 660 894 843 958; x_wconf 88' lang='lat' dir='ltr'>peccati,</span> <span class='ocrx_word' id='word_1_85' title='bbox 869 911 914 941; x_wconf 91' lang='lat' dir='ltr'>se</span> <span class='ocrx_word' id='word_1_86' title='bbox 940 911 1030 940; x_wconf 90' lang='lat' dir='ltr'>non</span> <span class='ocrx_word' id='word_1_87' title='bbox 1056 895 1139 941; x_wconf 89' lang='lat' dir='ltr'>che</span> <span class='ocrx_word' id='word_1_88' title='bbox 1170 896 1425 959; x_wconf 87' lang='lat' dir='ltr'>desperano</span> <span class='ocrx_word' id='word_1_89' title='bbox 1458 906 1502 941; x_wconf 94' lang='lat' dir='ltr'>et</span> <span class='ocrx_word' id='word_1_90' title='bbox 1531 894 1812 941; x_wconf 90' lang='lat' dir='ltr'>biastemano</span> <span class='ocrx_word' id='word_1_91' title='bbox 1845 906 1890 941; x_wconf 91' lang='lat' dir='ltr'>et</span> 
     </span>
     <span class='ocr_line' id='line_1_10' title="bbox 255 969 1890 1034; baseline 0 -18"><span class='ocrx_word' id='word_1_92' title='bbox 255 970 537 1017; x_wconf 86' lang='lat' dir='ltr'>maledicono</span> <span class='ocrx_word' id='word_1_93' title='bbox 567 970 579 1016; x_wconf 94' lang='lat' dir='ltr'>i</span> <span class='ocrx_word' id='word_1_94' title='bbox 611 969 786 1034; x_wconf 82' lang='lat' dir='ltr'>figlioli,</span> <span class='ocrx_word' id='word_1_95' title='bbox 817 987 898 1033; x_wconf 91' lang='lat' dir='ltr'>per</span> <span class='ocrx_word' id='word_1_96' title='bbox 927 970 967 1016; x_wconf 89' lang='lat' dir='ltr'>la</span> <span class='ocrx_word' id='word_1_97' title='bbox 1000 971 1270 1034; x_wconf 89' lang='lat' dir='ltr'>pouertade;</span> <span class='ocrx_word' id='word_1_98' title='bbox 1304 982 1350 1017; x_wconf 92' lang='lat' dir='ltr'>et</span> <span class='ocrx_word' id='word_1_99' title='bbox 1381 987 1427 1017; x_wconf 90' lang='lat' dir='ltr'>se</span> <span class='ocrx_word' id='word_1_100' title='bbox 1464 970 1562 1017; x_wconf 89' lang='lat' dir='ltr'>loro</span> <span class='ocrx_word' id='word_1_101' title='bbox 1596 987 1834 1017; x_wconf 89' lang='lat' dir='ltr'>uenessero</span> <span class='ocrx_word' id='word_1_102' title='bbox 1865 987 1890 1016; x_wconf 90' lang='lat' dir='ltr'>a</span> 
     </span>
     <span class='ocr_line' id='line_1_11' title="bbox 253 1044 1889 1110; baseline 0 -18"><span class='ocrx_word' id='word_1_103' title='bbox 253 1044 494 1092; x_wconf 88' lang='lat' dir='ltr'>confesarsi</span> <span class='ocrx_word' id='word_1_104' title='bbox 519 1057 564 1091; x_wconf 93' lang='lat' dir='ltr'>et</span> <span class='ocrx_word' id='word_1_105' title='bbox 587 1045 903 1102; x_wconf 87' lang='lat' dir='ltr'>comunicarsi,</span> <span class='ocrx_word' id='word_1_106' title='bbox 923 1056 1115 1103; x_wconf 85' lang='lat' dir='ltr'>mentre,</span> <span class='ocrx_word' id='word_1_107' title='bbox 1138 1045 1165 1092; x_wconf 95' lang='lat' dir='ltr'>li</span> <span class='ocrx_word' id='word_1_108' title='bbox 1191 1045 1351 1110; x_wconf 87' lang='lat' dir='ltr'>figlioli</span> <span class='ocrx_word' id='word_1_109' title='bbox 1372 1046 1417 1092; x_wconf 88' lang='lat' dir='ltr'>in</span> <span class='ocrx_word' id='word_1_110' title='bbox 1441 1062 1541 1092; x_wconf 92' lang='lat' dir='ltr'>casa</span> <span class='ocrx_word' id='word_1_111' title='bbox 1559 1045 1824 1109; x_wconf 86' lang='lat' dir='ltr'>crepariano</span> <span class='ocrx_word' id='word_1_112' title='bbox 1842 1045 1889 1092; x_wconf 89' lang='lat' dir='ltr'>di</span> 
     </span>
     <span class='ocr_line' id='line_1_12' title="bbox 254 1118 1890 1184; baseline 0.001 -19"><span class='ocrx_word' id='word_1_113' title='bbox 254 1118 387 1167; x_wconf 90' lang='lat' dir='ltr'>fame.</span> <span class='ocrx_word' id='word_1_114' title='bbox 411 1120 473 1166; x_wconf 89' lang='lat' dir='ltr'>Et</span> <span class='ocrx_word' id='word_1_115' title='bbox 499 1136 635 1183; x_wconf 88' lang='lat' dir='ltr'>sopra</span> <span class='ocrx_word' id='word_1_116' title='bbox 661 1119 701 1166; x_wconf 93' lang='grc'>16</span> <span class='ocrx_word' id='word_1_117' title='bbox 725 1119 835 1166; x_wconf 91' lang='lat' dir='ltr'>altre</span> <span class='ocrx_word' id='word_1_118' title='bbox 862 1120 1038 1166; x_wconf 89' lang='lat' dir='ltr'>miserie</span> <span class='ocrx_word' id='word_1_119' title='bbox 1061 1132 1221 1184; x_wconf 89' lang='lat' dir='ltr'>questa</span> <span class='ocrx_word' id='word_1_120' title='bbox 1241 1121 1264 1166; x_wconf 79' lang='grc' dir='ltr'>ἐ</span> <span class='ocrx_word' id='word_1_121' title='bbox 1286 1120 1413 1182; x_wconf 88' lang='lat' dir='ltr'>quasi</span> <span class='ocrx_word' id='word_1_122' title='bbox 1433 1119 1472 1166; x_wconf 89' lang='lat' dir='ltr'>la</span> <span class='ocrx_word' id='word_1_123' title='bbox 1498 1120 1577 1183; x_wconf 77' lang='lat' dir='ltr'>piu</span> <span class='ocrx_word' id='word_1_124' title='bbox 1599 1119 1787 1184; x_wconf 86' lang='lat' dir='ltr'>grande,</span> <span class='ocrx_word' id='word_1_125' title='bbox 1807 1119 1890 1166; x_wconf 91' lang='lat' dir='ltr'>che</span> 
     </span>
     <span class='ocr_line' id='line_1_13' title="bbox 252 1193 1889 1258; baseline -0.001 -18"><span class='ocrx_word' id='word_1_126' title='bbox 252 1210 338 1240; x_wconf 89' lang='lat' dir='ltr'>con</span> <span class='ocrx_word' id='word_1_127' title='bbox 370 1205 493 1240; x_wconf 88' lang='lat' dir='ltr'>tutto</span> <span class='ocrx_word' id='word_1_128' title='bbox 527 1204 688 1257; x_wconf 90' lang='lat' dir='ltr'>questo</span> <span class='ocrx_word' id='word_1_129' title='bbox 718 1193 801 1239; x_wconf 89' lang='lat' dir='ltr'>che</span> <span class='ocrx_word' id='word_1_130' title='bbox 840 1193 1054 1256; x_wconf 89' lang='lat' dir='ltr'>uogliano</span> <span class='ocrx_word' id='word_1_131' title='bbox 1086 1194 1392 1258; x_wconf 88' lang='lat' dir='ltr'>guadagniare</span> <span class='ocrx_word' id='word_1_132' title='bbox 1423 1193 1752 1252; x_wconf 88' lang='lat' dir='ltr'>affaticandosi,</span> <span class='ocrx_word' id='word_1_133' title='bbox 1797 1209 1889 1239; x_wconf 92' lang='lat' dir='ltr'>non</span> 
     </span>
     <span class='ocr_line' id='line_1_14' title="bbox 253 1267 1889 1332; baseline -0.001 -18"><span class='ocrx_word' id='word_1_134' title='bbox 253 1280 465 1326; x_wconf 89' lang='lat' dir='ltr'>trouano,</span> <span class='ocrx_word' id='word_1_135' title='bbox 500 1284 580 1331; x_wconf 86' lang='lat' dir='ltr'>per</span> <span class='ocrx_word' id='word_1_136' title='bbox 599 1285 716 1314; x_wconf 89' lang='lat' dir='ltr'>esser</span> <span class='ocrx_word' id='word_1_137' title='bbox 738 1267 833 1314; x_wconf 78' lang='lat' dir='ltr'>cosi</span> <span class='ocrx_word' id='word_1_138' title='bbox 861 1268 994 1331; x_wconf 88' lang='lat' dir='ltr'>pochi</span> <span class='ocrx_word' id='word_1_139' title='bbox 1022 1268 1048 1314; x_wconf 90' lang='lat' dir='ltr'>li</span> <span class='ocrx_word' id='word_1_140' title='bbox 1075 1267 1299 1326; x_wconf 90' lang='lat' dir='ltr'>facultosi‚</span> <span class='ocrx_word' id='word_1_141' title='bbox 1326 1268 1353 1314; x_wconf 93' lang='lat' dir='ltr'>li</span> <span class='ocrx_word' id='word_1_142' title='bbox 1380 1268 1501 1332; x_wconf 89' lang='lat' dir='ltr'>quali</span> <span class='ocrx_word' id='word_1_143' title='bbox 1525 1268 1662 1315; x_wconf 89' lang='lat' dir='ltr'>diano</span> <span class='ocrx_word' id='word_1_144' title='bbox 1681 1268 1739 1316; x_wconf 87' lang='lat' dir='ltr'>da</span> <span class='ocrx_word' id='word_1_145' title='bbox 1762 1267 1889 1313; x_wconf 90' lang='lat' dir='ltr'>lauo-</span> 
     </span>
     <span class='ocr_line' id='line_1_15' title="bbox 252 1342 1888 1406; baseline 0 -18"><span class='ocrx_word' id='word_1_146' title='bbox 252 1359 349 1388; x_wconf 87' lang='lat' dir='ltr'>rare</span> <span class='ocrx_word' id='word_1_147' title='bbox 374 1359 398 1388; x_wconf 89' lang='lat' dir='ltr'>a</span> <span class='ocrx_word' id='word_1_148' title='bbox 422 1342 596 1406; x_wconf 89' lang='lat' dir='ltr'>poueri.</span> <span class='ocrx_word' id='word_1_149' title='bbox 626 1342 715 1388; x_wconf 88' lang='lat' dir='ltr'>Per</span> <span class='ocrx_word' id='word_1_150' title='bbox 738 1353 899 1406; x_wconf 91' lang='lat' dir='ltr'>questa</span> <span class='ocrx_word' id='word_1_151' title='bbox 922 1359 1056 1388; x_wconf 88' lang='lat' dir='ltr'>causa</span> <span class='ocrx_word' id='word_1_152' title='bbox 1080 1343 1278 1389; x_wconf 84' lang='lat' dir='ltr'>anchora</span> <span class='ocrx_word' id='word_1_153' title='bbox 1304 1360 1397 1390; x_wconf 94' lang='lat' dir='ltr'>non</span> <span class='ocrx_word' id='word_1_154' title='bbox 1422 1342 1554 1389; x_wconf 91' lang='lat' dir='ltr'>uiene</span> <span class='ocrx_word' id='word_1_155' title='bbox 1580 1342 1706 1406; x_wconf 87' lang='lat' dir='ltr'>quasi</span> <span class='ocrx_word' id='word_1_156' title='bbox 1731 1358 1888 1388; x_wconf 89' lang='lat' dir='ltr'>nessu—</span> 
     </span>
     <span class='ocr_line' id='line_1_16' title="bbox 253 1416 1889 1481; baseline 0.001 -19"><span class='ocrx_word' id='word_1_157' title='bbox 253 1434 312 1463; x_wconf 92' lang='lat' dir='ltr'>no</span> <span class='ocrx_word' id='word_1_158' title='bbox 344 1417 427 1463; x_wconf 86' lang='lat' dir='ltr'>alla</span> <span class='ocrx_word' id='word_1_159' title='bbox 456 1417 652 1480; x_wconf 89' lang='lat' dir='ltr'>predica.</span> <span class='ocrx_word' id='word_1_160' title='bbox 690 1416 752 1463; x_wconf 87' lang='lat' dir='ltr'>Et</span> <span class='ocrx_word' id='word_1_161' title='bbox 782 1417 972 1463; x_wconf 90' lang='lat' dir='ltr'>essendo</span> <span class='ocrx_word' id='word_1_162' title='bbox 1003 1434 1176 1463; x_wconf 88' lang='lat' dir='ltr'>usanza</span> <span class='ocrx_word' id='word_1_163' title='bbox 1205 1417 1287 1463; x_wconf 91' lang='lat' dir='ltr'>che</span> <span class='ocrx_word' id='word_1_164' title='bbox 1320 1418 1354 1464; x_wconf 92' lang='lat' dir='ltr'>si</span> <span class='ocrx_word' id='word_1_165' title='bbox 1394 1417 1597 1481; x_wconf 89' lang='lat' dir='ltr'>predichi</span> <span class='ocrx_word' id='word_1_166' title='bbox 1639 1417 1685 1463; x_wconf 92' lang='lat' dir='ltr'>in</span> <span class='ocrx_word' id='word_1_167' title='bbox 1718 1433 1889 1463; x_wconf 88' lang='lat' dir='ltr'>mezzo</span> 
     </span>
     <span class='ocr_line' id='line_1_17' title="bbox 251 1491 1887 1555; baseline 0 -17"><span class='ocrx_word' id='word_1_168' title='bbox 251 1492 368 1539; x_wconf 91' lang='lat' dir='ltr'>della</span> <span class='ocrx_word' id='word_1_169' title='bbox 388 1509 546 1550; x_wconf 87' lang='lat' dir='ltr'>messa,</span> <span class='ocrx_word' id='word_1_170' title='bbox 570 1492 728 1555; x_wconf 91' lang='lat' dir='ltr'>doppo</span> <span class='ocrx_word' id='word_1_171' title='bbox 754 1492 783 1538; x_wconf 89' lang='lat' dir='ltr'>il</span> <span class='ocrx_word' id='word_1_172' title='bbox 809 1493 945 1538; x_wconf 88' lang='lat' dir='ltr'>credo</span> <span class='ocrx_word' id='word_1_173' title='bbox 971 1493 1015 1538; x_wconf 90' lang='lat' dir='ltr'>in</span> <span class='ocrx_word' id='word_1_174' title='bbox 1042 1491 1235 1555; x_wconf 88' lang='lat' dir='ltr'>[unum]</span> <span class='ocrx_word' id='word_1_175' title='bbox 1261 1493 1435 1550; x_wconf 93' lang='lat' dir='ltr'>Deum,</span> <span class='ocrx_word' id='word_1_176' title='bbox 1457 1491 1539 1538; x_wconf 81' lang='lat' dir='ltr'>alle</span> <span class='ocrx_word' id='word_1_177' title='bbox 1559 1491 1698 1550; x_wconf 88' lang='lat' dir='ltr'>uolte‚</span> <span class='ocrx_word' id='word_1_178' title='bbox 1719 1492 1887 1538; x_wconf 88' lang='lat' dir='ltr'>ueden—</span> 
     </span>
     <span class='ocr_line' id='line_1_18' title="bbox 250 1566 1887 1631; baseline 0 -19"><span class='ocrx_word' id='word_1_179' title='bbox 250 1566 311 1613; x_wconf 93' lang='lat' dir='ltr'>do</span> <span class='ocrx_word' id='word_1_180' title='bbox 340 1566 368 1612; x_wconf 91' lang='lat' dir='ltr'>il</span> <span class='ocrx_word' id='word_1_181' title='bbox 394 1566 677 1629; x_wconf 86' lang='lat' dir='ltr'>predicatore</span> <span class='ocrx_word' id='word_1_182' title='bbox 704 1567 942 1612; x_wconf 90' lang='lat' dir='ltr'>ascendere</span> <span class='ocrx_word' id='word_1_183' title='bbox 968 1566 1012 1612; x_wconf 93' lang='lat' dir='ltr'>in</span> <span class='ocrx_word' id='word_1_184' title='bbox 1041 1567 1246 1630; x_wconf 89' lang='lat' dir='ltr'>pergolo,</span> <span class='ocrx_word' id='word_1_185' title='bbox 1272 1567 1379 1613; x_wconf 87' lang='lat' dir='ltr'>tutti</span> <span class='ocrx_word' id='word_1_186' title='bbox 1405 1566 1534 1631; x_wconf 89' lang='lat' dir='ltr'>quasi</span> <span class='ocrx_word' id='word_1_187' title='bbox 1558 1567 1592 1613; x_wconf 87' lang='lat' dir='ltr'>si</span> <span class='ocrx_word' id='word_1_188' title='bbox 1621 1578 1830 1613; x_wconf 90' lang='lat' dir='ltr'>mettono</span> <span class='ocrx_word' id='word_1_189' title='bbox 1862 1583 1887 1613; x_wconf 93' lang='lat' dir='ltr'>a</span> 
     </span>
     <span class='ocr_line' id='line_1_19' title="bbox 251 1639 1886 1704; baseline 0.001 -18"><span class='ocrx_word' id='word_1_190' title='bbox 251 1639 400 1704; x_wconf 91' lang='lat' dir='ltr'>fugire</span> <span class='ocrx_word' id='word_1_191' title='bbox 426 1640 557 1687; x_wconf 89' lang='lat' dir='ltr'>fuora</span> <span class='ocrx_word' id='word_1_192' title='bbox 582 1641 697 1687; x_wconf 91' lang='lat' dir='ltr'>della</span> <span class='ocrx_word' id='word_1_193' title='bbox 720 1641 868 1687; x_wconf 77' lang='lat' dir='ltr'>chiesa</span> <span class='ocrx_word' id='word_1_194' title='bbox 891 1658 978 1687; x_wconf 90' lang='lat' dir='ltr'>con</span> <span class='ocrx_word' id='word_1_195' title='bbox 1014 1640 1165 1701; x_wconf 86' lang='lat' dir='ltr'>fretta,</span> <span class='ocrx_word' id='word_1_196' title='bbox 1190 1659 1321 1689; x_wconf 92' lang='lat' dir='ltr'>come</span> <span class='ocrx_word' id='word_1_197' title='bbox 1352 1659 1399 1688; x_wconf 90' lang='lat' dir='ltr'>se</span> <span class='ocrx_word' id='word_1_198' title='bbox 1433 1641 1552 1688; x_wconf 93' lang='lat' dir='ltr'>uisto</span> <span class='ocrx_word' id='word_1_199' title='bbox 1583 1642 1828 1688; x_wconf 88' lang='lat' dir='ltr'>hauessero</span> <span class='ocrx_word' id='word_1_200' title='bbox 1857 1641 1886 1687; x_wconf 90' lang='lat' dir='ltr'>il</span> 
     </span>
     <span class='ocr_line' id='line_1_20' title="bbox 249 1716 1887 1779; baseline 0.001 -17"><span class='ocrx_word' id='word_1_201' title='bbox 249 1716 482 1763; x_wconf 89' lang='lat' dir='ltr'>demonio.</span> <span class='ocrx_word' id='word_1_202' title='bbox 509 1716 572 1762; x_wconf 91' lang='lat' dir='ltr'>Et</span> <span class='ocrx_word' id='word_1_203' title='bbox 596 1726 757 1779; x_wconf 90' lang='lat' dir='ltr'>questo</span> <span class='ocrx_word' id='word_1_204' title='bbox 786 1716 925 1762; x_wconf 88' lang='lat' dir='ltr'>credo</span> <span class='ocrx_word' id='word_1_205' title='bbox 952 1733 1042 1762; x_wconf 89' lang='lat' dir='ltr'>non</span> <span class='ocrx_word' id='word_1_206' title='bbox 1076 1733 1155 1779; x_wconf 90' lang='lat' dir='ltr'>per</span> <span class='ocrx_word' id='word_1_207' title='bbox 1180 1716 1309 1774; x_wconf 90' lang='lat' dir='ltr'>altro,</span> <span class='ocrx_word' id='word_1_208' title='bbox 1344 1716 1572 1764; x_wconf 77' lang='lat' dir='ltr'>senonche</span> <span class='ocrx_word' id='word_1_209' title='bbox 1605 1728 1809 1774; x_wconf 91' lang='lat' dir='ltr'>temono‚</span> <span class='ocrx_word' id='word_1_210' title='bbox 1840 1733 1887 1763; x_wconf 88' lang='lat' dir='ltr'>se</span> 
     </span>
     <span class='ocr_line' id='line_1_21' title="bbox 250 1790 1887 1855; baseline 0.001 -19"><span class='ocrx_word' id='word_1_211' title='bbox 250 1800 378 1836; x_wconf 90' lang='lat' dir='ltr'>tanto</span> <span class='ocrx_word' id='word_1_212' title='bbox 403 1801 560 1854; x_wconf 88' lang='lat' dir='ltr'>tempo</span> <span class='ocrx_word' id='word_1_213' title='bbox 580 1790 875 1853; x_wconf 89' lang='lat' dir='ltr'>spendessero</span> <span class='ocrx_word' id='word_1_214' title='bbox 902 1791 1016 1837; x_wconf 88' lang='lat' dir='ltr'>nella</span> <span class='ocrx_word' id='word_1_215' title='bbox 1041 1792 1202 1850; x_wconf 86' lang='lat' dir='ltr'>chiesa,</span> <span class='ocrx_word' id='word_1_216' title='bbox 1229 1809 1320 1838; x_wconf 90' lang='lat' dir='ltr'>non</span> <span class='ocrx_word' id='word_1_217' title='bbox 1346 1792 1605 1838; x_wconf 87' lang='lat' dir='ltr'>trauariano</span> <span class='ocrx_word' id='word_1_218' title='bbox 1631 1809 1655 1838; x_wconf 90' lang='lat' dir='ltr'>a</span> <span class='ocrx_word' id='word_1_219' title='bbox 1681 1791 1887 1855; x_wconf 88' lang='lat' dir='ltr'>mangiar</span> 
     </span>
     <span class='ocr_line' id='line_1_22' title="bbox 250 1865 1887 1930; baseline 0.002 -20"><span class='ocrx_word' id='word_1_220' title='bbox 250 1865 294 1911; x_wconf 94' lang='lat' dir='ltr'>in</span> <span class='ocrx_word' id='word_1_221' title='bbox 319 1882 431 1912; x_wconf 92' lang='lat' dir='ltr'>casa.</span> <span class='ocrx_word' id='word_1_222' title='bbox 458 1866 587 1912; x_wconf 74' lang='lat' dir='ltr'>Siche</span> <span class='ocrx_word' id='word_1_223' title='bbox 619 1865 648 1911; x_wconf 88' lang='lat' dir='ltr'>il</span> <span class='ocrx_word' id='word_1_224' title='bbox 674 1865 820 1912; x_wconf 88' lang='lat' dir='ltr'>Padre</span> <span class='ocrx_word' id='word_1_225' title='bbox 848 1866 1129 1927; x_wconf 82' lang='lat' dir='ltr'>predicatore</span> <span class='ocrx_word' id='word_1_226' title='bbox 1154 1867 1188 1913; x_wconf 91' lang='lat' dir='ltr'>si</span> <span class='ocrx_word' id='word_1_227' title='bbox 1216 1879 1376 1930; x_wconf 88' lang='lat' dir='ltr'>reputa</span> <span class='ocrx_word' id='word_1_228' title='bbox 1399 1867 1556 1914; x_wconf 88' lang='lat' dir='ltr'>hauer&#39;</span> <span class='ocrx_word' id='word_1_229' title='bbox 1584 1867 1726 1913; x_wconf 90' lang='lat' dir='ltr'>brauo</span> <span class='ocrx_word' id='word_1_230' title='bbox 1758 1867 1887 1913; x_wconf 90' lang='lat' dir='ltr'>audi-</span> 
     </span>
     <span class='ocr_line' id='line_1_23' title="bbox 250 1940 1884 2004; baseline 0 -18"><span class='ocrx_word' id='word_1_231' title='bbox 250 1940 387 1996; x_wconf 84' lang='lat' dir='ltr'>torio,</span> <span class='ocrx_word' id='word_1_232' title='bbox 414 1941 600 2004; x_wconf 90' lang='lat' dir='ltr'>quando</span> <span class='ocrx_word' id='word_1_233' title='bbox 627 1941 683 1985; x_wconf 90' lang='lat' dir='ltr'>ha</span> <span class='ocrx_word' id='word_1_234' title='bbox 708 1951 855 1986; x_wconf 83' lang='lat' dir='ltr'>trenta</span> <span class='ocrx_word' id='word_1_235' title='bbox 879 1958 907 1986; x_wconf 93' lang='lat'><em>0</em></span> <span class='ocrx_word' id='word_1_236' title='bbox 932 1953 1154 2004; x_wconf 85' lang='lat' dir='ltr'>quaranta</span> <span class='ocrx_word' id='word_1_237' title='bbox 1180 1943 1333 1987; x_wconf 89' lang='lat' dir='ltr'>donne</span> <span class='ocrx_word' id='word_1_238' title='bbox 1357 1942 1440 1988; x_wconf 93' lang='lat' dir='ltr'>che</span> <span class='ocrx_word' id='word_1_239' title='bbox 1462 1941 1487 1987; x_wconf 92' lang='lat' dir='ltr'>l’</span> <span class='ocrx_word' id='word_1_240' title='bbox 1509 1942 1743 1988; x_wconf 86' lang='lat' dir='ltr'>ascoltino.</span> <span class='ocrx_word' id='word_1_241' title='bbox 1766 1941 1830 1987; x_wconf 89' lang='lat' dir='ltr'>Et</span> <span class='ocrx_word' id='word_1_242' title='bbox 1855 1940 1884 1987; x_wconf 90' lang='lat' dir='ltr'>il</span> 
     </span>
     <span class='ocr_line' id='line_1_24' title="bbox 249 2014 1883 2078; baseline 0.001 -19"><span class='ocrx_word' id='word_1_243' title='bbox 249 2026 388 2060; x_wconf 86' lang='lat' dir='ltr'>stesso</span> <span class='ocrx_word' id='word_1_244' title='bbox 413 2014 577 2078; x_wconf 87' lang='lat' dir='ltr'>giorno</span> <span class='ocrx_word' id='word_1_245' title='bbox 601 2015 718 2060; x_wconf 83' lang='lat' dir='ltr'>della</span> <span class='ocrx_word' id='word_1_246' title='bbox 744 2026 1021 2076; x_wconf 88' lang='lat' dir='ltr'>pentecoste,</span> <span class='ocrx_word' id='word_1_247' title='bbox 1047 2015 1267 2061; x_wconf 89' lang='lat' dir='ltr'>ariuando</span> <span class='ocrx_word' id='word_1_248' title='bbox 1292 2015 1337 2061; x_wconf 93' lang='lat' dir='ltr'>in</span> <span class='ocrx_word' id='word_1_249' title='bbox 1362 2015 1510 2061; x_wconf 92' lang='lat' dir='ltr'>chiesa</span> <span class='ocrx_word' id='word_1_250' title='bbox 1535 2032 1616 2078; x_wconf 87' lang='lat' dir='ltr'>per</span> <span class='ocrx_word' id='word_1_251' title='bbox 1636 2015 1883 2078; x_wconf 90' lang='lat' dir='ltr'>predicare,</span> 
     </span>
     <span class='ocr_line' id='line_1_25' title="bbox 250 2088 1879 2155; baseline -0.001 -20"><span class='ocrx_word' id='word_1_252' title='bbox 250 2106 342 2135; x_wconf 90' lang='lat' dir='ltr'>non</span> <span class='ocrx_word' id='word_1_253' title='bbox 366 2089 543 2136; x_wconf 79' lang='lat' dir='ltr'>ritrouo</span> <span class='ocrx_word' id='word_1_254' title='bbox 570 2105 778 2145; x_wconf 83' lang='lat' dir='ltr'>nessuno3</span> <span class='ocrx_word' id='word_1_255' title='bbox 806 2099 851 2135; x_wconf 91' lang='lat' dir='ltr'>et</span> <span class='ocrx_word' id='word_1_256' title='bbox 870 2088 897 2134; x_wconf 87' lang='lat' dir='ltr'>il</span> <span class='ocrx_word' id='word_1_257' title='bbox 917 2101 1133 2152; x_wconf 90' lang='lat' dir='ltr'>sequente</span> <span class='ocrx_word' id='word_1_258' title='bbox 1152 2090 1334 2153; x_wconf 86' lang='lat' dir='ltr'>giorno,</span> <span class='ocrx_word' id='word_1_259' title='bbox 1355 2089 1611 2155; x_wconf 87' lang='lat' dir='ltr'>montando</span> <span class='ocrx_word' id='word_1_260' title='bbox 1631 2089 1694 2136; x_wconf 91' lang='lat' dir='ltr'>lui</span> <span class='ocrx_word' id='word_1_261' title='bbox 1719 2089 1763 2135; x_wconf 91' lang='lat' dir='ltr'>in</span> <span class='ocrx_word' id='word_1_262' title='bbox 1780 2105 1879 2152; x_wconf 91' lang='lat' dir='ltr'>per-</span> 
     </span>
     <span class='ocr_line' id='line_1_26' title="bbox 249 2162 1884 2228; baseline -0.001 -18"><span class='ocrx_word' id='word_1_263' title='bbox 249 2164 371 2227; x_wconf 86' lang='lat' dir='ltr'>golO,</span> <span class='ocrx_word' id='word_1_264' title='bbox 407 2165 511 2210; x_wconf 91' lang='lat' dir='ltr'>tutti</span> <span class='ocrx_word' id='word_1_265' title='bbox 546 2164 672 2227; x_wconf 91' lang='lat' dir='ltr'>quasi</span> <span class='ocrx_word' id='word_1_266' title='bbox 705 2163 840 2227; x_wconf 90' lang='lat' dir='ltr'>quelli</span> <span class='ocrx_word' id='word_1_267' title='bbox 871 2163 953 2209; x_wconf 91' lang='lat' dir='ltr'>che</span> <span class='ocrx_word' id='word_1_268' title='bbox 985 2176 1176 2210; x_wconf 86' lang='lat' dir='ltr'>stauano</span> <span class='ocrx_word' id='word_1_269' title='bbox 1207 2165 1290 2211; x_wconf 90' lang='lat' dir='ltr'>alla</span> <span class='ocrx_word' id='word_1_270' title='bbox 1320 2181 1479 2223; x_wconf 89' lang='lat' dir='ltr'>messa,</span> <span class='ocrx_word' id='word_1_271' title='bbox 1509 2163 1711 2228; x_wconf 88' lang='lat' dir='ltr'>fugirno;</span> <span class='ocrx_word' id='word_1_272' title='bbox 1739 2180 1819 2226; x_wconf 86' lang='lat' dir='ltr'>per</span> <span class='ocrx_word' id='word_1_273' title='bbox 1842 2162 1884 2209; x_wconf 92' lang='lat' dir='ltr'>le</span> 
     </span>
     <span class='ocr_line' id='line_1_27' title="bbox 248 2237 1882 2301; baseline -0.001 -17"><span class='ocrx_word' id='word_1_274' title='bbox 248 2238 379 2301; x_wconf 89' lang='lat' dir='ltr'>quale</span> <span class='ocrx_word' id='word_1_275' title='bbox 402 2255 534 2284; x_wconf 90' lang='lat' dir='ltr'>cause</span> <span class='ocrx_word' id='word_1_276' title='bbox 557 2255 655 2284; x_wconf 88' lang='lat' dir='ltr'>rare</span> <span class='ocrx_word' id='word_1_277' title='bbox 683 2237 806 2284; x_wconf 91' lang='lat' dir='ltr'>uolte</span> <span class='ocrx_word' id='word_1_278' title='bbox 839 2238 872 2283; x_wconf 92' lang='lat' dir='ltr'>si</span> <span class='ocrx_word' id='word_1_279' title='bbox 906 2239 1105 2300; x_wconf 91' lang='lat' dir='ltr'>predica,</span> <span class='ocrx_word' id='word_1_280' title='bbox 1138 2237 1442 2285; x_wconf 88' lang='lat' dir='ltr'>confessando</span> <span class='ocrx_word' id='word_1_281' title='bbox 1476 2238 1506 2285; x_wconf 91' lang='lat' dir='ltr'>il</span> <span class='ocrx_word' id='word_1_282' title='bbox 1538 2250 1677 2285; x_wconf 88' lang='lat' dir='ltr'>stesso</span> <span class='ocrx_word' id='word_1_283' title='bbox 1712 2237 1882 2284; x_wconf 89' lang='lat' dir='ltr'>uicario</span> 
     </span>
     <span class='ocr_line' id='line_1_28' title="bbox 247 2312 1882 2378; baseline 0.001 -20"><span class='ocrx_word' id='word_1_284' title='bbox 247 2312 362 2366; x_wconf 87' lang='lat' dir='ltr'>della</span> <span class='ocrx_word' id='word_1_285' title='bbox 388 2324 505 2359; x_wconf 88' lang='lat' dir='ltr'>terra</span> <span class='ocrx_word' id='word_1_286' title='bbox 528 2312 660 2359; x_wconf 90' lang='lat' dir='ltr'>esser’</span> <span class='ocrx_word' id='word_1_287' title='bbox 679 2312 804 2376; x_wconf 90' lang='lat' dir='ltr'>quasi</span> <span class='ocrx_word' id='word_1_288' title='bbox 827 2312 1005 2375; x_wconf 86' lang='lat' dir='ltr'>perder&#39;</span> <span class='ocrx_word' id='word_1_289' title='bbox 1025 2314 1051 2358; x_wconf 75' lang='grc'>11</span> <span class='ocrx_word' id='word_1_290' title='bbox 1073 2325 1229 2377; x_wconf 87' lang='lat' dir='ltr'>tempo</span> <span class='ocrx_word' id='word_1_291' title='bbox 1250 2314 1390 2360; x_wconf 88' lang='lat' dir='ltr'>uoler&#39;</span> <span class='ocrx_word' id='word_1_292' title='bbox 1413 2314 1643 2377; x_wconf 85' lang='lat' dir='ltr'>predicare</span> <span class='ocrx_word' id='word_1_293' title='bbox 1662 2314 1772 2378; x_wconf 88' lang='lat' dir='ltr'>ogni</span> <span class='ocrx_word' id='word_1_294' title='bbox 1798 2313 1882 2360; x_wconf 85' lang='lat' dir='ltr'>do-</span> 
     </span>
     <span class='ocr_line' id='line_1_29' title="bbox 249 2405 437 2436; baseline 0.011 -3"><span class='ocrx_word' id='word_1_295' title='bbox 249 2405 437 2436; x_wconf 80' lang='lat' dir='ltr'>menica.</span> 
     </span>
    </p>

    <p class='ocr_par' dir='ltr' id='par_1_3' title="bbox 246 2461 1880 3196">
     <span class='ocr_line' id='line_1_30' title="bbox 314 2461 1880 2528; baseline -0.001 -19"><span class='ocrx_word' id='word_1_296' title='bbox 314 2463 381 2510; x_wconf 90' lang='lat' dir='ltr'>La</span> <span class='ocrx_word' id='word_1_297' title='bbox 405 2476 540 2527; x_wconf 87' lang='lat' dir='ltr'>gente</span> <span class='ocrx_word' id='word_1_298' title='bbox 566 2465 590 2510; x_wconf 76' lang='grc' dir='ltr'>ἐ</span> <span class='ocrx_word' id='word_1_299' title='bbox 617 2475 744 2511; x_wconf 88' lang='lat' dir='ltr'>tanto</span> <span class='ocrx_word' id='word_1_300' title='bbox 768 2465 1006 2528; x_wconf 91' lang='lat' dir='ltr'>ignorante</span> <span class='ocrx_word' id='word_1_301' title='bbox 1030 2480 1111 2527; x_wconf 91' lang='lat' dir='ltr'>per</span> <span class='ocrx_word' id='word_1_302' title='bbox 1136 2475 1454 2510; x_wconf 89' lang='lat' dir='ltr'>mancamento</span> <span class='ocrx_word' id='word_1_303' title='bbox 1487 2463 1532 2510; x_wconf 88' lang='lat' dir='ltr'>d&#39;</span> <span class='ocrx_word' id='word_1_304' title='bbox 1571 2461 1880 2520; x_wconf 90' lang='lat' dir='ltr'>instruttione,</span> 
     </span>
     <span class='ocr_line' id='line_1_31' title="bbox 246 2536 1880 2602; baseline -0.001 -18"><span class='ocrx_word' id='word_1_305' title='bbox 246 2539 329 2585; x_wconf 93' lang='lat' dir='ltr'>che</span> <span class='ocrx_word' id='word_1_306' title='bbox 353 2556 457 2602; x_wconf 86' lang='lat' dir='ltr'>pare</span> <span class='ocrx_word' id='word_1_307' title='bbox 486 2556 575 2585; x_wconf 91' lang='lat' dir='ltr'>non</span> <span class='ocrx_word' id='word_1_308' title='bbox 600 2540 726 2586; x_wconf 89' lang='lat' dir='ltr'>siano</span> <span class='ocrx_word' id='word_1_309' title='bbox 750 2539 993 2597; x_wconf 87' lang='lat' dir='ltr'>christiani,</span> <span class='ocrx_word' id='word_1_310' title='bbox 1013 2556 1059 2585; x_wconf 90' lang='lat' dir='ltr'>se</span> <span class='ocrx_word' id='word_1_311' title='bbox 1078 2555 1169 2585; x_wconf 91' lang='lat' dir='ltr'>non</span> <span class='ocrx_word' id='word_1_312' title='bbox 1190 2538 1260 2585; x_wconf 90' lang='lat' dir='ltr'>col</span> <span class='ocrx_word' id='word_1_313' title='bbox 1281 2556 1430 2585; x_wconf 88' lang='lat' dir='ltr'>nome.</span> <span class='ocrx_word' id='word_1_314' title='bbox 1456 2538 1565 2602; x_wconf 90' lang='lat' dir='ltr'>Vitij</span> <span class='ocrx_word' id='word_1_315' title='bbox 1589 2536 1880 2602; x_wconf 86' lang='lat' dir='ltr'>grandissimi</span> 
     </span>
     <span class='ocr_line' id='line_1_32' title="bbox 247 2611 1879 2678; baseline -0.002 -18"><span class='ocrx_word' id='word_1_316' title='bbox 247 2625 292 2660; x_wconf 91' lang='lat' dir='ltr'>et</span> <span class='ocrx_word' id='word_1_317' title='bbox 316 2613 583 2660; x_wconf 88' lang='lat' dir='ltr'>bruttissimi</span> <span class='ocrx_word' id='word_1_318' title='bbox 609 2615 641 2660; x_wconf 91' lang='lat' dir='ltr'>si</span> <span class='ocrx_word' id='word_1_319' title='bbox 669 2625 950 2678; x_wconf 83' lang='lat' dir='ltr'>comettono,</span> <span class='ocrx_word' id='word_1_320' title='bbox 971 2624 1098 2677; x_wconf 89' lang='lat' dir='ltr'>parte</span> <span class='ocrx_word' id='word_1_321' title='bbox 1119 2630 1199 2676; x_wconf 92' lang='lat' dir='ltr'>per</span> <span class='ocrx_word' id='word_1_322' title='bbox 1218 2612 1484 2676; x_wconf 89' lang='lat' dir='ltr'>pouertade,</span> <span class='ocrx_word' id='word_1_323' title='bbox 1505 2625 1632 2675; x_wconf 89' lang='lat' dir='ltr'>parte</span> <span class='ocrx_word' id='word_1_324' title='bbox 1647 2627 1729 2674; x_wconf 89' lang='lat' dir='ltr'>per</span> <span class='ocrx_word' id='word_1_325' title='bbox 1747 2611 1879 2674; x_wconf 87' lang='lat' dir='ltr'>igno-</span> 
     </span>
     <span class='ocr_line' id='line_1_33' title="bbox 247 2685 1880 2751; baseline -0.002 -18"><span class='ocrx_word' id='word_1_326' title='bbox 247 2689 403 2734; x_wconf 84' lang='lat' dir='ltr'>rantia.</span> <span class='ocrx_word' id='word_1_327' title='bbox 431 2688 467 2734; x_wconf 91' lang='lat' dir='ltr'>Il</span> <span class='ocrx_word' id='word_1_328' title='bbox 494 2689 656 2751; x_wconf 89' lang='lat' dir='ltr'>giorno</span> <span class='ocrx_word' id='word_1_329' title='bbox 682 2688 800 2734; x_wconf 89' lang='lat' dir='ltr'>della</span> <span class='ocrx_word' id='word_1_330' title='bbox 825 2699 1084 2751; x_wconf 90' lang='lat' dir='ltr'>pentecoste</span> <span class='ocrx_word' id='word_1_331' title='bbox 1109 2700 1153 2734; x_wconf 90' lang='lat' dir='ltr'>et</span> <span class='ocrx_word' id='word_1_332' title='bbox 1177 2687 1219 2733; x_wconf 91' lang='lat' dir='ltr'>la</span> <span class='ocrx_word' id='word_1_333' title='bbox 1243 2686 1356 2739; x_wconf 84' lang='lat' dir='ltr'>festa</span> <span class='ocrx_word' id='word_1_334' title='bbox 1382 2699 1601 2751; x_wconf 90' lang='lat' dir='ltr'>sequente</span> <span class='ocrx_word' id='word_1_335' title='bbox 1621 2685 1880 2732; x_wconf 90' lang='lat' dir='ltr'>hauessimo</span> 
     </span>
     <span class='ocr_line' id='line_1_34' title="bbox 247 2759 1878 2825; baseline -0.001 -18"><span class='ocrx_word' id='word_1_336' title='bbox 247 2763 355 2808; x_wconf 92' lang='lat' dir='ltr'>assai</span> <span class='ocrx_word' id='word_1_337' title='bbox 381 2763 438 2809; x_wconf 88' lang='lat' dir='ltr'>da</span> <span class='ocrx_word' id='word_1_338' title='bbox 463 2761 558 2808; x_wconf 88' lang='lat' dir='ltr'>fare</span> <span class='ocrx_word' id='word_1_339' title='bbox 582 2779 668 2808; x_wconf 92' lang='lat' dir='ltr'>con</span> <span class='ocrx_word' id='word_1_340' title='bbox 694 2772 762 2808; x_wconf 91' lang='lat' dir='ltr'>tre</span> <span class='ocrx_word' id='word_1_341' title='bbox 785 2762 1031 2820; x_wconf 88' lang='lat' dir='ltr'>ciarlatani‚</span> <span class='ocrx_word' id='word_1_342' title='bbox 1066 2762 1091 2807; x_wconf 87' lang='lat' dir='ltr'>li</span> <span class='ocrx_word' id='word_1_343' title='bbox 1117 2762 1238 2825; x_wconf 92' lang='lat' dir='ltr'>quali</span> <span class='ocrx_word' id='word_1_344' title='bbox 1272 2761 1299 2807; x_wconf 88' lang='lat' dir='ltr'>l’</span> <span class='ocrx_word' id='word_1_345' title='bbox 1320 2779 1413 2808; x_wconf 89' lang='lat' dir='ltr'>uno</span> <span class='ocrx_word' id='word_1_346' title='bbox 1438 2772 1483 2808; x_wconf 92' lang='lat' dir='ltr'>et</span> <span class='ocrx_word' id='word_1_347' title='bbox 1508 2761 1534 2807; x_wconf 92' lang='lat' dir='ltr'>l&#39;</span> <span class='ocrx_word' id='word_1_348' title='bbox 1556 2761 1671 2807; x_wconf 90' lang='lat' dir='ltr'>altro</span> <span class='ocrx_word' id='word_1_349' title='bbox 1697 2759 1878 2823; x_wconf 88' lang='lat' dir='ltr'>giorno,</span> 
     </span>
     <span class='ocr_line' id='line_1_35' title="bbox 246 2833 1879 2899; baseline -0.002 -17"><span class='ocrx_word' id='word_1_350' title='bbox 246 2837 436 2882; x_wconf 91' lang='lat' dir='ltr'>essendo</span> <span class='ocrx_word' id='word_1_351' title='bbox 462 2836 655 2882; x_wconf 88' lang='lat' dir='ltr'>montati</span> <span class='ocrx_word' id='word_1_352' title='bbox 681 2837 725 2882; x_wconf 94' lang='lat' dir='ltr'>in</span> <span class='ocrx_word' id='word_1_353' title='bbox 752 2836 929 2882; x_wconf 90' lang='lat' dir='ltr'>bancho</span> <span class='ocrx_word' id='word_1_354' title='bbox 954 2836 1078 2899; x_wconf 91' lang='lat' dir='ltr'>dopo</span> <span class='ocrx_word' id='word_1_355' title='bbox 1097 2837 1288 2893; x_wconf 89' lang='lat' dir='ltr'>disnare,</span> <span class='ocrx_word' id='word_1_356' title='bbox 1310 2836 1512 2882; x_wconf 90' lang='lat' dir='ltr'>hebbero</span> <span class='ocrx_word' id='word_1_357' title='bbox 1531 2835 1644 2882; x_wconf 89' lang='lat' dir='ltr'>tanti</span> <span class='ocrx_word' id='word_1_358' title='bbox 1665 2833 1879 2890; x_wconf 88' lang='lat' dir='ltr'>auditori,</span> 
     </span>
     <span class='ocr_line' id='line_1_36' title="bbox 246 2908 1879 2973; baseline -0.001 -17"><span class='ocrx_word' id='word_1_359' title='bbox 246 2911 327 2956; x_wconf 91' lang='lat' dir='ltr'>che</span> <span class='ocrx_word' id='word_1_360' title='bbox 362 2928 528 2973; x_wconf 89' lang='lat' dir='ltr'>pareua</span> <span class='ocrx_word' id='word_1_361' title='bbox 560 2909 680 2957; x_wconf 88' lang='lat' dir='ltr'>fusse</span> <span class='ocrx_word' id='word_1_362' title='bbox 715 2911 890 2957; x_wconf 89' lang='lat' dir='ltr'>ariuato</span> <span class='ocrx_word' id='word_1_363' title='bbox 922 2911 965 2956; x_wconf 93' lang='lat' dir='ltr'>in</span> <span class='ocrx_word' id='word_1_364' title='bbox 1002 2910 1178 2956; x_wconf 87' lang='lat' dir='ltr'>Biuona</span> <span class='ocrx_word' id='word_1_365' title='bbox 1209 2927 1286 2956; x_wconf 89' lang='lat' dir='ltr'>san</span> <span class='ocrx_word' id='word_1_366' title='bbox 1322 2910 1482 2958; x_wconf 86' lang='lat' dir='ltr'>PaulO.</span> <span class='ocrx_word' id='word_1_367' title='bbox 1511 2910 1574 2957; x_wconf 79' lang='lat' dir='ltr'>Et</span> <span class='ocrx_word' id='word_1_368' title='bbox 1615 2908 1879 2955; x_wconf 85' lang='lat' dir='ltr'>finalmente</span> 
     </span>
     <span class='ocr_line' id='line_1_37' title="bbox 248 2983 1880 3048; baseline -0.001 -19"><span class='ocrx_word' id='word_1_369' title='bbox 248 2983 385 3030; x_wconf 90' lang='lat' dir='ltr'>furno</span> <span class='ocrx_word' id='word_1_370' title='bbox 409 2984 624 3043; x_wconf 86' lang='lat' dir='ltr'>scacciati‚</span> <span class='ocrx_word' id='word_1_371' title='bbox 644 2985 936 3048; x_wconf 87' lang='lat' dir='ltr'>quantunche</span> <span class='ocrx_word' id='word_1_372' title='bbox 962 2985 990 3031; x_wconf 88' lang='lat' dir='ltr'>li</span> <span class='ocrx_word' id='word_1_373' title='bbox 1012 2986 1089 3047; x_wconf 76' lang='lat' dir='ltr'>piu</span> <span class='ocrx_word' id='word_1_374' title='bbox 1111 2985 1314 3048; x_wconf 90' lang='lat' dir='ltr'>precipui</span> <span class='ocrx_word' id='word_1_375' title='bbox 1335 2985 1452 3031; x_wconf 91' lang='lat' dir='ltr'>della</span> <span class='ocrx_word' id='word_1_376' title='bbox 1471 2995 1590 3031; x_wconf 87' lang='lat' dir='ltr'>terra</span> <span class='ocrx_word' id='word_1_377' title='bbox 1609 2984 1669 3047; x_wconf 85' lang='lat' dir='ltr'>gli</span> <span class='ocrx_word' id='word_1_378' title='bbox 1695 2983 1880 3030; x_wconf 89' lang='lat' dir='ltr'>dessero</span> 
     </span>
     <span class='ocr_line' id='line_1_38' title="bbox 247 3055 1877 3122; baseline -0.001 -19"><span class='ocrx_word' id='word_1_379' title='bbox 247 3056 404 3104; x_wconf 88' lang='lat' dir='ltr'>fauore</span> <span class='ocrx_word' id='word_1_380' title='bbox 427 3070 472 3104; x_wconf 93' lang='lat' dir='ltr'>et</span> <span class='ocrx_word' id='word_1_381' title='bbox 497 3058 631 3104; x_wconf 89' lang='lat' dir='ltr'>aiuto.</span> <span class='ocrx_word' id='word_1_382' title='bbox 661 3059 714 3105; x_wconf 91' lang='lat' dir='ltr'>In</span> <span class='ocrx_word' id='word_1_383' title='bbox 739 3059 820 3104; x_wconf 91' lang='lat' dir='ltr'>che</span> <span class='ocrx_word' id='word_1_384' title='bbox 843 3059 878 3104; x_wconf 90' lang='lat' dir='ltr'>si</span> <span class='ocrx_word' id='word_1_385' title='bbox 903 3058 1540 3122; x_wconf 81' lang='lat' dir='ltr'>cognosce-manifestamente</span> <span class='ocrx_word' id='word_1_386' title='bbox 1557 3058 1596 3104; x_wconf 89' lang='lat' dir='ltr'>la</span> <span class='ocrx_word' id='word_1_387' title='bbox 1614 3073 1727 3120; x_wconf 90' lang='lat' dir='ltr'>poca</span> <span class='ocrx_word' id='word_1_388' title='bbox 1746 3055 1877 3102; x_wconf 88' lang='lat' dir='ltr'>affet-</span> 
     </span>
     <span class='ocr_line' id='line_1_39' title="bbox 248 3130 1879 3196; baseline -0.001 -19"><span class='ocrx_word' id='word_1_389' title='bbox 248 3131 369 3178; x_wconf 88' lang='lat' dir='ltr'>tione</span> <span class='ocrx_word' id='word_1_390' title='bbox 409 3132 511 3178; x_wconf 87' lang='lat' dir='ltr'>delli</span> <span class='ocrx_word' id='word_1_391' title='bbox 552 3131 756 3178; x_wconf 90' lang='lat' dir='ltr'>biuonesi</span> <span class='ocrx_word' id='word_1_392' title='bbox 788 3131 872 3178; x_wconf 88' lang='lat' dir='ltr'>alla</span> <span class='ocrx_word' id='word_1_393' title='bbox 903 3132 1058 3196; x_wconf 84' lang='lat' dir='ltr'>parola</span> <span class='ocrx_word' id='word_1_394' title='bbox 1088 3133 1132 3180; x_wconf 92' lang='lat' dir='ltr'>d&#39;</span> <span class='ocrx_word' id='word_1_395' title='bbox 1160 3132 1310 3191; x_wconf 89' lang='lat' dir='ltr'>Iddio,</span> <span class='ocrx_word' id='word_1_396' title='bbox 1349 3133 1431 3179; x_wconf 93' lang='lat' dir='ltr'>che</span> <span class='ocrx_word' id='word_1_397' title='bbox 1467 3132 1495 3178; x_wconf 83' lang='lat' dir='ltr'>il</span> <span class='ocrx_word' id='word_1_398' title='bbox 1527 3142 1667 3179; x_wconf 91' lang='lat' dir='ltr'>stesso</span> <span class='ocrx_word' id='word_1_399' title='bbox 1712 3130 1879 3195; x_wconf 89' lang='lat' dir='ltr'>giorno</span> 
     </span>
    </p>
   </div>
  </div>
 </body>
</html>
