2008 3510
747 271 793 298 12
822 259 1069 298 Novssmssms
1102 261 1202 311 1556
1655 273 1733 312 517

154 383 262 431 pare
285 366 383 414 chel
407 367 580 414 credito
605 383 629 413 e
653 365 694 413 la
717 366 838 413 bona
867 367 1082 430 opinione
1111 367 1157 414 di
1182 367 1279 426 noi,
1304 384 1387 431 per
1414 367 1485 414 cio
1517 379 1784 432 conceputa,

153 442 234 504 piu
259 441 370 488 assai
393 441 431 487 ci
456 442 555 487 sara
578 458 603 487 a
627 441 718 499 noi,
743 458 766 487 e
791 442 932 500 anche
950 441 1234 488 edificatione
1257 458 1282 488 a
1305 442 1529 505 prossimi,
1553 442 1635 489 che
1660 453 1784 490 tutto

154 516 236 561 che
273 515 310 561 ci
348 515 534 561 hauesse
573 515 753 561 lasciato
790 515 832 561 la
869 515 996 562 detta
1031 515 1123 562 ΜΡ
1158 515 1383 562 Violante.
1421 516 1464 562 E
1497 533 1590 562 non
1621 516 1784 563 dubito

153 589 236 635 che
261 599 419 635 nostro
444 589 609 652 Signor
635 589 674 635 al
700 600 859 652 tempo
882 607 907 635 e
931 589 1071 653 luogo
1095 607 1178 636 suo
1213 606 1303 635 non
1334 606 1538 653 prouega
1566 589 1650 636 alla
1680 588 1785 636 fon-

154 662 339 708 datione
361 662 407 709 di
433 674 596 725 questo
620 662 858 726 colleggio,
885 662 1002 709 della
1026 663 1157 726 quale
1180 663 1289 726 ogni
1308 663 1357 710 di
1382 663 1463 726 piu
1494 663 1635 726 piglio
1657 679 1784 727 mag—

154 735 280 798 giore
304 751 539 798 speranza,
563 751 587 781 e
612 735 674 781 mi
701 737 770 781 sta
795 752 973 798 sempre
996 735 1101 781 fisso
1127 736 1212 781 nel'
1238 736 1406 794 animo,
1432 736 1478 782 in
1493 737 1625 800 quale
1644 738 1785 784 modo

152 826 177 853 e
200 808 275 854 uia
300 809 334 855 si
359 810 493 872 potra
517 807 627 856 fare.
655 809 698 855 E
724 809 817 855 cosi
842 820 1019 872 espetto
1036 808 1134 855 chel
1153 809 1319 873 Signor
1338 827 1431 856 vno
1451 811 1615 874 giorno
1634 811 1784 857 dolce-

151 894 305 928 mente
329 900 352 928 e
379 894 671 929 soauemente
691 881 703 907 ¹
726 882 769 928 lo
794 881 904 940 fara,
929 899 1060 929 come
1084 881 1130 929 fa
1153 894 1272 930 tutte
1297 884 1339 929 le
1362 901 1441 930 sue
1459 901 1580 942 cose;
1605 901 1628 930 e
1654 896 1783 932 tanto

152 956 256 1019 piu,
282 956 381 1003 chel
418 957 592 1004 credito
627 956 882 1003 uniuersale
915 973 1129 1020 appresso
1158 957 1207 1004 di
1241 957 1374 1016 tutti,
1404 975 1428 1004 e
1461 958 1489 1003 il
1519 958 1784 1021 particolare

152 1046 367 1093 appresso
392 1031 437 1077 di
462 1031 634 1089 deuoti,
662 1031 685 1077 ἐ
709 1030 930 1077 cresciuto
953 1047 977 1076 e
999 1047 1157 1077 cresce.

217 1104 260 1150 E
296 1121 377 1167 per
411 1116 594 1152 tornare
625 1123 648 1150 a
684 1105 759 1152 M.
793 1104 949 1151 Giulio
978 1104 1144 1151 Cesare
1168 1103 1200 1164 ⁹,
1230 1105 1269 1151 ci
1299 1107 1332 1151 si
1364 1116 1536 1152 mostra
1565 1106 1734 1164 amico,
1758 1123 1782 1152 e

149 1178 274 1241 dipoi
316 1178 358 1224 la
394 1190 542 1225 morte
583 1179 701 1226 della
742 1179 897 1226 madre
939 1179 997 1225 ha
1035 1179 1253 1226 mandato
1293 1179 1484 1226 alchune
1522 1179 1781 1228 elemosine.

150 1251 342 1313 Quanto
379 1252 463 1298 alla
499 1253 668 1311 chiesa,
703 1253 738 1299 si
780 1264 914 1316 porta
949 1252 1093 1299 molto
1123 1253 1259 1310 bene,
1290 1270 1315 1299 e
1345 1254 1407 1300 mi
1437 1254 1553 1314 disse
1584 1254 1709 1317 dipoi
1741 1254 1783 1300 la

148 1338 298 1373 morte
323 1327 367 1374 di
395 1327 470 1375 M.
499 1327 739 1374 Girolamo
759 1326 789 1384 ³,
821 1327 904 1374 che
935 1328 997 1374 mi
1030 1344 1231 1391 pregaua
1259 1328 1294 1374 si
1325 1345 1633 1391 perseuerasse
1667 1328 1782 1375 nelle

148 1400 262 1447 bene
286 1401 595 1457 commiciato‚
618 1419 642 1448 e
668 1403 751 1448 che
774 1402 973 1448 darebbe
997 1402 1207 1465 aggiuto:
1233 1420 1257 1448 e
1281 1402 1376 1449 cosi
1401 1403 1462 1448 ho
1486 1403 1659 1448 ueduto
1682 1402 1780 1448 sino

146 1473 304 1520 adesso
335 1474 418 1520 che
449 1475 507 1520 ha
543 1476 823 1522 comandato
853 1475 893 1521 al
922 1475 1186 1538 cappellano
1215 1476 1298 1522 che
1328 1475 1440 1522 faeci
1471 1487 1594 1522 tutto
1628 1475 1780 1539 quello

147 1547 230 1594 che
254 1548 288 1594 si
313 1548 448 1596 solea.
474 1549 549 1594 Mi
576 1547 734 1595 sforzo
759 1561 934 1613 quanto
958 1565 1093 1612 posso
1124 1549 1171 1596 di
1196 1550 1420 1596 tenercelo
1451 1550 1595 1596 amico
1619 1568 1643 1596 e
1668 1566 1780 1613 gua-

144 1622 378 1685 dagnarlo.
408 1622 499 1669 Per
524 1639 597 1669 me
623 1640 678 1669 ne
704 1640 838 1686 spero
865 1623 999 1680 bene,
1024 1641 1049 1670 e
1074 1624 1173 1670 sino
1198 1624 1356 1671 adesso
1380 1624 1593 1670 hauiamo
1618 1624 1778 1670 hauuti

145 1696 225 1758 pisi
264 1697 565 1754 commodita„
606 1697 689 1743 che
730 1697 768 1743 al
813 1709 972 1761 tempo
1015 1697 1061 1744 di
1098 1698 1176 1744 M.
1223 1697 1476 1744 Girolamo.
1519 1699 1709 1759 Quanto
1754 1714 1779 1743 a

147 1769 223 1817 M.
249 1769 500 1827 Girolamo,
524 1771 639 1817 altro
664 1787 756 1817 non
782 1770 822 1817 le
847 1788 982 1834 posso
1006 1772 1119 1830 dire,
1144 1788 1190 1818 se
1215 1789 1307 1818 non
1326 1771 1408 1818 che
1426 1771 1554 1818 disse:
1581 1772 1779 1834 Troppo

144 1859 227 1889 son
253 1855 372 1890 stato
396 1861 420 1890 a
443 1860 722 1908 cognoscere
746 1844 786 1890 la
810 1844 1117 1909 Compagnia.

211 1916 254 1962 Il
286 1917 379 1963 don
414 1918 554 1964 Cesar
583 1917 613 1976 ⁴,
643 1919 726 1964 che
754 1919 1083 1982 designauamo
1112 1929 1302 1965 mettere
1333 1934 1415 1982 per
1443 1917 1707 1981 cappellano
1732 1918 1777 1964 in

198 2117 207 2171 ‚¹
265 2120 338 2156 Ms.
360 2124 613 2158 souamente.

194 2179 211 2204 2
264 2182 390 2218 Julius
409 2182 556 2218 Caesar
578 2183 801 2229 Gozzadini,
817 2182 1012 2219 Violantis
1031 2183 1145 2220 filius.

194 2242 209 2268 ³
265 2245 524 2292 Hieronymus
546 2246 754 2292 Cassalini,
775 2250 900 2282 rector
924 2246 1182 2292 ‹parochialis
1203 2247 1390 2283 ecclesiae
1412 2246 1503 2283 ΞΜ
1522 2245 1687 2282 Luciae»
1710 2246 1774 2291 qui

139 2307 308 2343 moriens
341 2318 449 2343 ‹sero
481 2308 641 2344 nimium
676 2319 717 2344 se
752 2308 986 2344 Societatem
1019 2312 1261 2355 perspectam
1290 2309 1471 2344 habuisse
1505 2309 1772 2354 querebatur».

138 2369 344 2415 POLANCO,
366 2373 392 2406 t.
413 2378 471 2416 VI,
490 2381 578 2417 pag.
603 2371 691 2417 183,
712 2381 748 2408 n.
778 2371 867 2407 668.
888 2370 985 2416 Jam,
1014 2371 1251 2416 praedictum
1278 2371 1382 2407 Stae.
1410 2370 1550 2406 Luciae
1576 2371 1772 2415 ternplum,

140 2435 289 2468 mortuo
306 2432 512 2479 Cassalini,
532 2433 635 2470 Julio
655 2433 810 2470 Caesari
832 2424 1044 2469 obvenerat
1062 2437 1124 2470 ‹et
1142 2444 1220 2470 non
1236 2434 1361 2470 solum
1378 2434 1459 2479 ejus
1473 2443 1584 2468 usum
1599 2432 1774 2479 Collegio

140 2495 306 2541 reliquit,
326 2500 441 2541 prout
463 2496 680 2543 Collegium
708 2496 814 2543 prius
835 2497 1032 2542 habuerat,
1053 2497 1133 2542 sed,
1154 2501 1196 2533 ut
1217 2500 1492 2542 perseveraret,
1513 2495 1551 2532 P.
1572 2495 1773 2531 Rectorem

141 2558 304 2603 rogavit,
339 2565 375 2594 et
409 2559 666 2605 eleemosynis
701 2559 817 2595 etiam
851 2569 936 2594 eum
973 2559 1131 2605 adjuvit,
1165 2559 1344 2605 quamvis
1379 2559 1417 2594 in
1451 2557 1608 2603 reliquis
1640 2557 1772 2593 matris

140 2619 329 2656 voluntati
349 2630 427 2656 non
447 2631 680 2667 magnopere
700 2621 923 2657 satisfecit».
945 2621 1152 2667 POLANCO,
1174 2625 1200 2657 t.
1220 2629 1278 2667 Vl,
1300 2631 1386 2667 pag.
1412 2620 1498 2664 184,
1520 2630 1556 2655 n.
1579 2619 1666 2666 672.

195 2678 210 2703 ⁴
264 2682 456 2718 Audiatur
483 2683 531 2719 de
556 2684 630 2719 hoc
661 2683 826 2719 Caesare
857 2683 1070 2728 POLANCO‚
1102 2687 1130 2721 t.
1156 2691 1221 2729 VI,
1251 2694 1340 2730 pag.
1376 2683 1463 2729 185,
1494 2682 1581 2727 186,
1614 2691 1650 2718 n.
1681 2682 1770 2717 680:

143 2743 372 2780 «Admissus
393 2748 451 2780 est
472 2743 527 2792 [in
547 2744 797 2793 Societatem]
819 2749 856 2780 et
882 2745 982 2780 alius
1002 2745 1196 2790 sacerdos,
1218 2745 1374 2781 nomine
1401 2744 1554 2789 Caesar,
1576 2743 1714 2789 viginti
1735 2747 1772 2778 et

140 2810 228 2841 octo
250 2816 370 2842 annos
390 2811 514 2843 natus.
538 2807 637 2853 Quia
657 2811 786 2843 tamen
806 2811 954 2852 patrem
974 2807 1141 2843 habebat
1160 2807 1238 2843 fere
1265 2806 1567 2853 octogenarium,
1595 2806 1672 2852 qui,
1702 2805 1770 2840 filii

138 2866 413 2904 deliberatione
433 2868 581 2914 audita,
604 2868 643 2904 in
670 2869 846 2905 morbum
867 2878 958 2914 prae
980 2868 1113 2904 dolore
1140 2868 1287 2914 incidit,
1309 2869 1433 2905 visum
1460 2871 1517 2904 est
1543 2868 1592 2903 ad
1619 2871 1770 2914 tempus

138 2929 318 2974 expedire
339 2934 380 2965 ut
402 2934 439 2966 et
458 2930 522 2966 ille
544 2936 652 2966 extra
672 2930 900 2977 Collegium,
921 2931 1012 2966 licet
1031 2932 1102 2966 sub
1123 2931 1344 2967 obedientia
1371 2930 1589 2975 societatis,
1610 2930 1771 2970 viveret‚'

138 2994 175 3024 et
195 2990 285 3036 quia
305 2991 394 3026 dum
415 2991 560 3028 viveret
580 2991 769 3028 Dominus
796 2992 1054 3038 Hieronymus
1080 2989 1318 3042 [Cassalini]‚
1341 2994 1387 3027 de
1415 3002 1530 3027 manu
1562 2991 1768 3028 Societatis

138 3050 324 3087 vicarium
359 3062 427 3088 seu
459 3054 700 3099 capellanum
735 3054 936 3090 admittere
969 3054 1136 3100 volebat,
1169 3055 1269 3090 hunc
1301 3054 1504 3090 Caesarem
1534 3063 1579 3089 eo
1612 3054 1650 3089 in
1680 3054 1765 3089 loco

140 3114 373 3149 constituere
399 3114 439 3151 P.
465 3114 694 3151 Franciscus
723 3115 893 3151 Palmius
919 3115 1101 3161 decrevit;
1128 3117 1196 3152 sed
1226 3127 1313 3152 cum
1344 3126 1446 3152 mors
1472 3120 1604 3152 secuta
1633 3115 1769 3151 fuisset
