2008 3510
724 230 773 270 25
802 220 1068 260 Saprzmnms
1098 229 1200 271 1552
1605 258 1608 262 ,
1646 219 1724 271 767

139 325 258 371 torio
280 341 415 372 coren
440 341 515 388 ya:
541 341 647 388 ayer
670 325 842 372 anoche
867 325 975 372 hizo
1001 326 1125 386 Juan
1148 325 1205 372 de
1230 342 1309 372 san
1335 323 1486 390 Migel
1510 342 1600 372 vna
1624 324 1776 372 buena

138 399 319 463 platica,
338 399 417 464 qui
442 417 524 446 vos
543 400 685 458 audit,
705 417 777 447 me
801 400 928 448 audit
948 400 979 448 ¹.
1006 399 1102 446 Dia
1125 400 1182 447 de
1203 410 1384 447 nuestra
1403 400 1573 446 Sefiora
1591 399 1775 463 predica

139 490 194 520 en
217 474 257 520 la
275 490 362 532 see,
389 491 417 536 y
442 476 467 521 a
491 474 636 520 noche
661 475 768 522 hara
794 476 890 522 don
909 475 1124 522 Gonzalo
1144 492 1232 522 vna
1256 475 1429 538 pratica
1451 475 1509 521 de
1527 486 1639 521 voto
1663 491 1777 538 pau-

139 549 342 611 pertatis,
362 549 408 595 id
427 559 508 606 est,
528 550 655 596 desta
674 551 829 597 virtud
849 568 877 614 y
896 550 1349 609 bienauenturanQaS.
1369 550 1538 596 Seruus
1556 549 1774 613 indignus

137 622 383 681 Societatis‚

975 691 1208 737 ΜΑΝυΕι
1246 690 1526 737 GuomNHo
1546 688 1575 736 2.

889 865 1033 924 132⁰

643 953 1000 995 MARCELLUS
1029 953 1266 991 CERVINI

661 1033 887 1058 cannmams
911 1033 1085 1058 SANCTAE
1111 1031 1241 1059 caucis

451 1103 664 1151 PATRI
701 1105 999 1152 IGNATIO
1037 1104 1128 1150 DE
1165 1104 1460 1153 LOYOLA

589 1200 769 1227 EUGUssio
800 1201 849 1240 25
878 1200 1126 1227 SEPTEMBRIS
1159 1200 1258 1239 1552
1287 1187 1320 1229 ³.

137 1288 287 1334 Ignatio
308 1288 480 1325 officiose
501 1289 859 1337 rescribit—Quod
878 1289 1005 1325 socios
1031 1288 1249 1335 Eugubium
1275 1288 1418 1334 mittat,
1447 1288 1592 1334 gratias
1618 1288 1768 1334 agit.—

622 1351 823 1388 Sodalium
844 1362 1045 1388 numerum
1066 1355 1154 1388 avet
1174 1351 1284 1388 scire.

205 1446 328 1494 Rdo.
354 1446 426 1493 M.
452 1446 648 1510 Ignatio,
673 1457 755 1493 etc.
784 1446 870 1493 Ho
893 1447 1096 1493 riceuuta
1120 1446 1161 1492 la
1179 1457 1334 1493 uostra
1351 1445 1508 1492 lettera
1527 1446 1584 1493 de
1616 1460 1669 1507 17
1698 1446 1772 1493 del

136 1530 357 1583 presente,
382 1531 428 1566 et
450 1520 617 1583 perche
642 1531 815 1584 quanto
840 1538 865 1567 a
892 1520 987 1568 don
1012 1520 1228 1567 Siluestro
1249 1519 1263 1545 ⁴
1288 1538 1382 1567 non
1407 1521 1468 1566 m'
1489 1537 1676 1567 occorre
1700 1521 1772 1568 dir

137 1593 276 1653 altro,
308 1594 354 1640 vi
387 1594 660 1658 ringratiaro
690 1594 788 1642 solo
818 1595 934 1642 della
963 1595 1282 1659 deputatione,
1315 1594 1447 1659 quale
1485 1596 1548 1642 mi
1578 1596 1772 1642 scriuete

136 1668 278 1714 hauer
304 1667 417 1715 satta
435 1670 491 1716 de
514 1670 656 1716 uostri
678 1668 839 1716 fratelli
856 1687 880 1716 a
899 1671 989 1717 mia
1009 1671 1231 1717 instantia.
1250 1671 1325 1716 De
1343 1670 1464 1734 quali
1488 1669 1772 1734 disegnando

140 1743 184 1789 io
207 1743 487 1790 seruirmene
512 1743 558 1790 in
583 1756 742 1808 questa
765 1744 913 1791 chiesa
931 1744 947 1770 ⁵
974 1746 1029 1808 (a
1052 1745 1124 1791 chi
1150 1745 1211 1791 mi
1237 1762 1318 1808 par
1343 1761 1461 1791 esser
1484 1745 1632 1808 prima
1655 1744 1771 1792 obli-

136 1830 258 1881 gato,
279 1835 359 1881 per
384 1817 426 1864 la
449 1835 557 1865 cura
580 1819 664 1865 che
689 1836 744 1865 ne
768 1829 923 1883 tengo,
942 1820 1025 1866 che
1043 1836 1068 1865 a
1090 1818 1475 1882 Montepulciano
1495 1817 1555 1881 6),
1576 1819 1636 1865 ho
1655 1817 1771 1865 fatto

189 1962 203 1988 ¹
259 1965 361 2003 Luc.
383 1974 425 2012 x,
450 1966 511 2004 16.

187 2025 204 2050 2
259 2029 295 2065 A
314 2033 422 2075 tergo
443 2029 518 2065 alia
538 2038 674 2064 manus
693 2028 859 2074 scripsit:
884 2025 997 2066 «Dei
1015 2025 1145 2078 tempi
1167 2025 1308 2066 vltimi
1335 2025 1409 2066 del
1426 2026 1478 2066 B.
1500 2025 1597 2078 Ign.
1628 2026 1770 2079 Coym-

135 2088 216 2129 bra
242 2101 401 2143 1555».
432 2092 544 2141 Quod
571 2092 726 2139 quidem
752 2092 1034 2128 admittendum
1060 2102 1138 2128 non
1165 2095 1234 2129 est.
1263 2092 1373 2138 Nam,
1401 2095 1443 2128 ut
1471 2096 1636 2138 caetera,
1671 2102 1769 2138 quae

135 2154 211 2190 dici
245 2156 407 2202 possint,
442 2160 657 2201 taceamus,
690 2156 740 2191 ad
782 2155 968 2201 epistolae
1002 2154 1149 2190 calcem
1186 2164 1312 2190 sermo
1343 2154 1385 2189 fit
1418 2154 1466 2190 de
1504 2154 1770 2190 recentissima

136 2216 406 2253 adhortatione
426 2217 466 2255 P.
485 2217 646 2253 Joannis
666 2217 712 2252 de
740 2216 820 2253 San
847 2216 1010 2263 Miguel,
1039 2216 1103 2262 qui
1131 2227 1156 2260 4
1181 2215 1407 2252 Decembris
1440 2224 1538 2263 1552
1568 2215 1767 2262 Olisipone

133 2278 240 2315 obiit.
261 2275 396 2329 Epist.
418 2276 599 2325 ,Mixtaen
621 2283 647 2316 t.
668 2288 713 2324 11,
734 2290 820 2325 pag.
845 2287 935 2326 795.

114 2346 119 2351 '
186 2338 201 2363 ³
257 2340 315 2377 Ex
337 2342 515 2388 originali
536 2343 575 2378 in
595 2342 671 2378 vol.
693 2338 828 2391 Epist.
849 2338 1129 2386 diversorum,
1151 2341 1295 2387 duplici
1319 2340 1424 2386 folio,
1452 2350 1489 2378 n.
1516 2351 1579 2385 42,
1602 2340 1706 2386 prius
1726 2351 1764 2385 4.

134 2402 202 2438 Est
222 2407 559 2450 et=transumptum
581 2413 767 2439 coaevum
785 2403 823 2439 in
844 2404 918 2440 vol.
939 2400 1075 2454 Epist.
1094 2400 1395 2449 cardinalium,
1414 2413 1450 2439 n.
1470 2402 1589 2449 17.te¹',
1611 2402 1652 2438 in
1674 2403 1770 2438 anti-

134 2476 210 2511 quo
230 2466 420 2503 tabulario
442 2467 487 2502 A.
511 2475 597 2503 xlv.
622 2477 658 2511 4,
683 2469 720 2501 et
739 2466 855 2502 etiam
876 2466 918 2505 B.
939 2476 974 2512 3.

189 2524 204 2549 ⁴
261 2528 301 2565 P.
328 2529 515 2565 Silvester
541 2528 724 2574 Landini,
750 2528 834 2574 qui,
862 2539 949 2564 cum
980 2538 1112 2574 agrum
1143 2527 1399 2564 mutinensem
1430 2527 1634 2573 diligenter
1659 2537 1769 2563 exco-

135 2590 280 2636 luisset,
303 2602 323 2626 a
346 2601 495 2627 summo
516 2592 699 2637 pontifice
722 2592 760 2627 in
776 2591 973 2628 Corsicam
995 2602 1082 2628 cum
1101 2595 1292 2638 potestate
1313 2592 1453 2627 missus
1474 2594 1542 2627 est.
1560 2590 1767 2636 POLANCO‚

134 2659 160 2692 “-
183 2664 226 2701 11,
248 2666 335 2701 pag·
358 2664 447 2703 455,
470 2667 505 2693 Π·
529 2665 593 2704 95·

188 2718 204 2743 ⁵
260 2720 501 2767 Eugubinam
524 2722 728 2758 ecclesiam
750 2721 930 2767 intelligit
945 2721 992 2758 cl.
1010 2721 1217 2757 Marcellus
1234 2720 1400 2766 Cervini,
1419 2719 1605 2766 epistolae
1622 2725 1766 2764 auctor,

133 2783 206 2820 sibi
227 2785 487 2821 commissam.
509 2785 627 2821 Porro
649 2784 867 2831 Eugubium
887 2784 1043 2820 sodales
1062 2784 1235 2830 Ignatius
1256 2784 1406 2819 mittere
1428 2783 1659 2828 destinabat,
1681 2783 1768 2820 Cer-

134 2847 211 2882 vini
238 2851 418 2893 rogante,
446 2848 495 2883 ad
527 2848 772 2894 gymnasium
807 2847 1014 2884 Societatis
1046 2847 1098 2883 ibi
1133 2847 1420 2884 instituendum.
1456 2846 1579 2893 Hujus
1610 2846 1767 2883 exordia

134 2914 263 2946 narrat
282 2910 489 2955 POLANCO,
510 2914 537 2947 t.
558 2919 603 2955 11,
625 2921 711 2957 pag.
733 2921 822 2956 441,
844 2921 882 2948 n.
905 2918 950 2957 57
976 2913 1012 2946 et
1032 2919 1138 2956 seqq.

186 2969 202 2994 ⁶
260 2973 457 3018 «Urgebat
489 2973 602 3008 etiam
631 2972 848 3009 Cardinalis
879 2972 1047 3008 Sanctae
1080 2972 1214 3009 Crucis
1246 2983 1314 3018 per
1347 2972 1494 3008 litteras
1524 2977 1566 3008 ut
1595 2971 1766 3008 Montem

134 3033 360 3069 Pulcianum
382 3034 486 3070 aliud
506 3032 746 3083 [collegium]
768 3034 992 3080 mitteretur;
1014 3034 1082 3070 sed
1109 3033 1148 3069 in
1176 3034 1257 3080 ejus
1289 3034 1493 3070 adventum
1523 3044 1562 3070 re
1582 3037 1765 3079 extracta,

135 3095 209 3131 hoc
228 3106 331 3133 anno
352 3097 511 3134 missum
532 3106 609 3133 non
630 3100 724 3142 est»,
745 3096 952 3143 POLANCO,
972 3099 998 3134 t.
1019 3105 1063 3143 11,
1085 3105 1173 3142 pag.
1195 3106 1288 3143 431,
1310 3106 1346 3133 n.
1368 3106 1433 3143 31.
