1994 3510
0 0 113 37 πῶτε
160 17 162 19 »

782 269 830 312 19
859 268 1059 300 ocromus
1091 256 1192 312 1556
1670 255 1746 312 463

917 436 942 468 1
953 434 1055 469 194
1070 468 1075 472 .

623 521 965 558 COMMUNITAS
995 520 1350 559 ARGENTENSIS

523 608 759 655 PATRI
805 608 1108 669 JACOBO
1154 608 1443 655 LAINEZ

658 704 848 731 ARGENTA
871 705 918 743 19
938 704 1138 731 ocToBms
1161 692 1260 744 i556
1283 691 1307 730 ¹.

223 784 278 820 Ne
298 784 475 820 Andreas
495 782 741 829 Boninsegna
762 783 839 819 alio
859 783 1122 828 transferatur,
1143 784 1248 819 cives
1270 786 1516 829 argentenses
1537 782 1744 828 postulant.

789 890 820 949 {-
859 889 982 935 Laus
1009 880 1115 935 Deo
1151 890 1183 950 ἦ

235 988 393 1035 Molto
421 989 544 1036 Rdo.
573 989 615 1035 in
644 989 726 1035 X.⁰
750 989 912 1036 Padre.
930 989 1264 1051 Ocorrendossi
1281 1000 1588 1053 rapresentare
1607 1006 1632 1034 a
1652 989 1712 1036 V.
1734 989 1795 1036 R.

90 1108 92 1110 ,
169 1063 397 1127 eljuditio
421 1074 578 1109 nostro
607 1080 742 1126 sopra
765 1062 922 1109 alcune
953 1081 1055 1110 cose
1088 1064 1132 1110 di
1160 1064 1333 1127 grande
1363 1063 1672 1127 importantia,
1707 1051 1798 1109 non

169 1149 417 1185 restaremo
448 1137 551 1183 dirli
587 1138 693 1200 (per
724 1137 938 1184 benefitio
969 1139 1013 1185 di
1046 1151 1206 1202 questa
1243 1138 1498 1202 republica)
1538 1138 1800 1202 qualmente

168 1211 348 1257 abiamo
372 1211 515 1257 inteso
538 1211 620 1257 che
647 1212 703 1257 V.
739 1211 793 1259 R.
819 1229 844 1257 a
867 1212 1074 1275 disposto
1099 1212 1248 1258 leuare
1271 1212 1317 1259 di
1343 1212 1421 1276 qui
1441 1212 1480 1258 el
1503 1211 1630 1259 Rdo.
1653 1211 1801 1259 Padre

171 1285 246 1332 M.
274 1285 459 1331 Andrea
482 1285 513 1342 2,
539 1285 735 1349 perilche
762 1286 837 1332 noi
861 1286 1118 1333 dubitiamo
1141 1286 1239 1333 chel
1264 1286 1482 1333 demonio
1503 1303 1596 1332 non
1615 1285 1715 1332 abia
1734 1297 1800 1332 te-

166 1371 270 1406 suto
295 1371 454 1423 questo
489 1360 676 1424 ingano.
705 1361 880 1407 Perche
907 1361 986 1423 piu
1022 1361 1145 1407 volte
1169 1362 1216 1407 st}
1244 1361 1389 1407 inteso
1418 1361 1476 1407 da
1508 1361 1656 1424 questi
1688 1377 1800 1407 con-

167 1435 274 1481 trari
306 1435 389 1481 alla
420 1435 724 1499 Compagnia,
757 1435 854 1492 che,
888 1436 1075 1499 quando
1108 1435 1216 1482 deto
1249 1435 1394 1482 Padre
1428 1433 1535 1482 fossi
1563 1435 1712 1481 leuato
1743 1435 1800 1482 de

166 1509 260 1573 qui,
285 1509 368 1556 che
389 1509 488 1555 'loro
512 1510 546 1556 si
571 1510 915 1556 contentariano
939 1510 1013 1556 del
1039 1522 1188 1568 resto;
1215 1527 1289 1556 ma
1313 1511 1386 1556 noi
1415 1509 1672 1557 dubitiamo
1699 1521 1800 1556 tuto

167 1584 205 1629 el
230 1584 474 1642 contrario,
499 1584 602 1641 che,
629 1600 719 1630 non
746 1585 779 1630 si
805 1585 1114 1632 contentando
1138 1585 1183 1632 di
1211 1584 1287 1641 lui,
1312 1585 1393 1631 che
1425 1585 1449 1630 e
1483 1601 1677 1648 persona
1707 1585 1800 1631 uir-

168 1671 319 1715 tuosa,
338 1658 447 1704 dota
462 1669 509 1704 et
526 1659 774 1721 esemplare
801 1658 894 1722 (del
912 1658 1046 1723 quale
1062 1675 1108 1705 se
1125 1676 1179 1705 ne
1200 1671 1494 1716 contentano‚
1514 1671 1688 1724 quanto
1703 1660 1800 1706 dire

126 1729 130 1730 ⁷
169 1732 193 1778 ὲ
209 1731 434 1796 possibile,
454 1732 539 1779 tuti
561 1733 588 1778 li
607 1733 738 1779 amici
757 1733 857 1779 dela
874 1733 1189 1798 Compagnia)
1214 1751 1376 1781 manco
1401 1734 1435 1781 si
1456 1734 1800 1781 contentariano

169 1808 212 1853 di
246 1807 407 1854 alcuno
440 1807 577 1866 altro,
611 1807 716 1871 qual
751 1806 872 1854 forse
899 1817 990 1854 non
1021 1810 1157 1854 auera
1190 1819 1287 1855 tute
1319 1808 1468 1872 quelle
1500 1809 1617 1872 parti
1656 1809 1738 1854 che
1777 1826 1802 1855 a

166 1899 265 1928 esso
294 1882 455 1929 Padre.
482 1883 542 1928 Di
571 1882 639 1928 lor
663 1882 851 1946 dunque
875 1883 909 1929 si
935 1882 1095 1928 dubita
1121 1900 1201 1946 per
1221 1883 1411 1947 qualche
1431 1883 1663 1929 suficiente
1683 1883 1800 1930 indi—

170 1957 234 2003 tio
258 1956 340 2003 che
364 1974 409 2003 se
434 1974 488 2003 ne
514 1957 585 2014 ha,
610 1957 692 2002 che
716 1967 878 2020 questo
902 1956 1064 2003 abiano
1090 1969 1267 2004 cereato
1283 1975 1540 2021 proponere
1557 1958 1614 2005 ad
1634 1957 1796 2004 alcuno

172 2031 320 2078 Padre
343 2031 442 2077 dela
468 2030 773 2094 Compagnia,
800 2047 880 2093 per
906 2031 1122 2077 mandare
1139 2048 1164 2077 a
1188 2042 1308 2078 terra
1332 2049 1417 2078 con
1445 2044 1608 2096 questo
1632 2032 1801 2096 ingano

169 2105 321 2169 quello
344 2106 426 2151 che
452 2122 544 2151 non
570 2105 627 2151 ha
651 2116 816 2168 potuto
839 2122 926 2151 con
953 2106 1063 2152 tanti
1093 2106 1192 2153 altri
1219 2107 1283 2153 soi
1304 2107 1476 2171 ingani‚
1497 2106 1629 2153 fot-ssi
1655 2098 1801 2152 inma-

167 2180 442 2244 ginandossi,
459 2181 609 2227 leuato
625 2180 707 2226 che
726 2181 824 2226 sara
850 2180 894 2227 di
921 2180 998 2244 qui
1019 2181 1057 2227 el
1084 2181 1230 2228 Padre
1248 2193 1444 2228 maestro
1464 2182 1668 2239 Andrea,
1688 2181 1801 2227 saria

169 2270 281 2317 gran
321 2271 445 2300 cossa
485 2271 540 2300 ne
572 2254 733 2300 venissi
776 2270 838 2300 un
863 2254 978 2301 altro
1016 2255 1174 2312 simile,
1216 2267 1261 2302 et
1291 2273 1376 2302 con
1413 2255 1546 2301 laltro
1586 2255 1799 2319 potriano

168 2329 399 2391 adempire
431 2328 583 2392 quello
615 2345 707 2374 non
739 2345 826 2374 ano
862 2329 948 2374 mai
981 2329 1247 2392 adempiuto
1287 2331 1391 2393 (per
1422 2330 1566 2393 gratia
1597 2330 1642 2376 di
1677 2328 1796 2391 Dio)

169 2417 254 2446 con
278 2401 405 2447 detto
434 2401 597 2460 Padre‚
613 2418 692 2464 per
707 2400 837 2446 esser'
858 2401 945 2464 egli
964 2413 1083 2447 stato
1102 2401 1273 2448 aiutato
1292 2404 1622 2466 grandemente
1643 2402 1701 2449 da
1722 2419 1802 2447 sua

173 2476 342 2521 maesta
366 2475 410 2520 in
435 2475 542 2521 tutti
569 2475 776 2538 trauagli.
804 2475 867 2521 Et
883 2476 927 2521 in
948 2493 1058 2522 uero
1078 2476 1152 2522 noi
1177 2477 1372 2523 diciamo
1397 2494 1421 2523 a
1446 2477 1505 2525 V.
1536 2478 1612 2533 R„
1637 2476 1735 2534 che,
1756 2493 1801 2521 se

173 2566 264 2595 non
292 2548 398 2595 fossi
423 2561 541 2596 stato
565 2550 642 2614 qui
669 2550 797 2597 detto
824 2550 983 2606 Padre,
1009 2551 1043 2596 si
1070 2551 1165 2614 puo
1191 2551 1374 2598 credere
1397 2552 1478 2598 che
1499 2550 1758 2597 facilmente
1778 2568 1801 2596 a

229 2696 241 2721 ¹
299 2697 354 2734 Ex
388 2698 563 2744 originali
594 2696 632 2733 in
663 2698 741 2734 vol.
778 2693 911 2746 Epist.
944 2694 1200 2743 communit„
1229 2698 1372 2745 duplici
1402 2698 1512 2744 folio,
1539 2709 1576 2736 n.
1606 2709 1670 2743 14,
1697 2697 1801 2743 prius

175 2770 241 2807 19,
265 2771 323 2798 20.

224 2820 242 2849 2
295 2823 334 2859 P.
357 2823 531 2860 Andreas
553 2823 1043 2869 Boninsegna.-—Longum
1067 2827 1167 2859 esset
1187 2833 1326 2861 causas
1343 2824 1493 2869 referre,
1511 2823 1559 2859 ob
1582 2834 1677 2870 quas
1693 2833 1803 2869 expe·

167 2884 253 2921 ‘dire
274 2885 476 2921 videbatur
495 2890 537 2921 ut
556 2885 595 2921 P.
617 2885 864 2931 Boninsegna
888 2890 1137 2931 argentenses
1158 2887 1399 2933 relinqueret,
1418 2887 1515 2922 inter
1534 2887 1630 2932 quos
1646 2886 1798 2932 plurimi

127 2968 131 2972 ·
172 2947 474 2994 inveniebantur,
499 2948 638 2994 quibus
652 2958 712 2984 res
728 2948 935 2984 Societatis
954 2949 1212 2994 displicerent.
1231 2950 1375 2987 Causas
1392 2950 1478 2985 illas
1492 2949 1664 2995 pluribus
1682 2949 1801 2994 expli>

172 3014 234 3046 cat
252 3010 458 3057 POLANCO,
480 3011 526 3047 de
547 3009 713 3056 collegio
734 3011 950 3057 argentensi
973 3021 1104 3057 agens,
1126 3015 1150 3047 t.
1171 3020 1230 3057 VI,
1252 3023 1338 3060 pag.
1359 3022 1544 3059 210-219,
1563 3022 1597 3047 n.
1618 3011 1755 3058 775-81
1770 3022 1800 3055 1,

173 3083 285 3118 quem
313 3073 482 3110 consule.
517 3073 603 3119 Ipse
636 3072 892 3119 Bonfflsegna,
927 3073 1006 3109 suis
1037 3073 1083 3108 ad
1112 3073 1288 3111 Lainium
1321 3075 1456 3111 litteris
1486 3084 1531 3120 23
1564 3073 1799 3119 Novembris,

174 3145 270 3183 quas
290 3135 418 3172 statim
442 3135 631 3180 dabimuS,
652 3135 800 3183 aliquid
820 3135 935 3173 etiam
955 3136 1001 3171 de
1023 3135 1099 3172 illis
1119 3136 1284 3184 attingit.
