2008 3510
737 262 786 300 28
817 262 1061 300 DECEMBms
1093 263 1194 313 1556
1649 264 1724 315 583

150 359 381 433 integrum
422 379 467 415 et
506 368 742 432 grandem,
769 369 952 414 nomine
992 368 1276 414 illustrissimi
1318 369 1548 432 principis,
1571 369 1774 416 donauit.

152 443 383 489 Dominus
406 442 539 502 Jesus
562 441 692 488 illum
715 442 793 488 diu
815 442 1104 505 multumque
1123 441 1399 488 incolumem
1418 453 1463 488 et
1487 443 1531 488 in
1557 443 1777 507 tranquil—

151 516 275 562 litate
297 515 535 562 christiana
560 527 922 577 perseuerantem
947 527 1197 562 conseruet.
1689 517 1694 521 ’

217 589 344 636 Idem
369 589 538 634 amicus
565 600 728 645 noster,
755 588 1079 646 D.'Hondius,
1100 599 1150 634 vt
1174 588 1374 634 visitaret
1391 588 1649 652 collegium,
1675 589 1778 652 plus

151 663 342 727 collegio
365 661 598 719 frumenti,
623 663 748 726 quod
774 662 878 708 alias
902 679 991 708 non
1023 662 1285 720 sufficiebat,
1311 653 1566 725 assignauit.
1602 663 1778 710 Placuit

153 749 304 782 tamen
330 736 628 782 illustrissimo
653 737 843 799 principi
869 753 954 799 pro
979 753 1094 798 pane
1118 748 1274 782 nostro
1299 737 1526 782 nonnullis
1549 738 1743 800 angariis
1762 737 1776 762 ¹

153 811 330 857 soluere
354 811 607 874 pecuniam,
634 822 686 856 vt
709 810 873 857 certius
897 822 1140 874 cognoscat
1170 827 1218 856 ac
1247 811 1414 856 iudicet
1444 811 1560 856 circa
1594 812 1656 857 rei
1682 810 1778 857 fru—

154 885 399 930 mentariae
423 883 671 943 defectum,
696 896 953 947 statuatque
973 884 1184 946 deinceps
1215 896 1330 947 quot
1361 883 1545 930 florenis
1574 885 1631 931 sit
1663 902 1779 948 opus

153 961 208 1005 ad
234 959 355 1005 illam
382 959 511 1004 nobis
535 959 579 1004 in
605 975 776 1004 annum
804 958 926 1021 apud
952 958 1166 1020 pistorem
1192 958 1517 1004 redimendam.
1546 959 1710 1022 Neque
1735 959 1779 1005 id

153 1033 318 1079 iudicio
360 1049 461 1078 meo
504 1032 614 1078 mihi
654 1031 870 1094 displicet.
917 1030 1062 1077 Effeci
1103 1031 1239 1076 etiam
1280 1032 1403 1088 hinc,
1446 1043 1498 1077 vt
1533 1032 1780 1078 commodo

154 1117 309 1152 nostro
347 1106 483 1152 lectos
520 1122 668 1151 emam
708 1107 959 1168 Augustae,
996 1122 1112 1168 quos
1148 1105 1415 1169 Ingolstadij
1460 1123 1550 1151 non
1581 1107 1780 1164 inuenio,

153 1179 435 1226 sufficientes.
475 1180 655 1226 Desunt
691 1180 812 1226 enim
844 1194 870 1240 7
905 1179 975 1225 vel
1015 1190 1135 1237 oct0,
1176 1196 1279 1225 cum
1323 1180 1522 1243 plerique
1556 1192 1781 1227 vetustate

154 1271 269 1317 pene
294 1255 382 1300 sint
406 1254 682 1317 consumpti,
708 1255 807 1300 licet
832 1254 1032 1316 primum
1059 1254 1157 1299 illos
1183 1253 1312 1299 nobis
1335 1253 1650 1301 obtruderent.

222 1329 296 1373 De
322 1328 511 1390 pecunia
536 1328 643 1373 nihil
670 1328 878 1373 volebam
903 1327 1126 1382 dubitare,
1154 1343 1300 1390 neque
1325 1344 1416 1373 vno
1451 1339 1657 1389 tempore
1681 1327 1782 1373 illu-

155 1401 424 1447 strissimum
451 1401 701 1463 principem
727 1418 930 1464 grauate,
951 1401 1161 1464 quamuis
1180 1401 1242 1447 D.
1263 1400 1487 1447 Hondius
1510 1413 1781 1465 extorquere

156 1475 390 1521 niteretur.
418 1474 481 1520 Et
504 1476 639 1520 credo
664 1487 888 1537 quantum
916 1475 970 1520 ad
1003 1491 1230 1519 summam
1258 1475 1471 1536 pecuniae
1502 1488 1546 1520 et
1582 1492 1666 1538 pro
1698 1476 1783 1520 isto

157 1564 365 1604 numerO,
390 1548 579 1611 collegio
612 1561 770 1594 nostro
799 1565 891 1594 esse
924 1550 1186 1611 prouisum,
1211 1566 1316 1594 cum
1341 1549 1553 1594 cereuisia
1578 1562 1782 1605 vtamur3

157 1639 272 1685 quae
292 1623 326 1668 si
352 1623 396 1668 in
421 1623 580 1668 vinum
602 1634 820 1679 mutetur,
842 1622 910 1668 vel
935 1623 1092 1668 saltem
1113 1622 1263 1685 aliquo
1283 1634 1504 1684 tempore,
1526 1634 1576 1668 vt
1594 1622 1780 1685 quidam

143 1697 372 1755 sentiunt,
398 1714 487 1742 non
515 1697 650 1743 video
678 1713 974 1742 nummorum
999 1696 1104 1741 satis
1127 1713 1232 1742 esse.
1262 1696 1437 1742 Verum
1457 1696 1783 1741 illustrissimus

157 1771 380 1833 princeps,
407 1783 457 1816 vt
480 1787 536 1816 ex
560 1769 806 1816 manifestis
830 1771 998 1816 inditiis
1021 1770 1201 1832 colligo,
1228 1784 1329 1815 non·
1339 1769 1536 1832 patietur
1561 1769 1689 1815 nobis
1707 1769 1781 1815 de-

158 1861 249 1890 esse
274 1845 532 1908 quicquam.

224 1919 285 1965 R.
329 1918 378 1964 P.
420 1918 626 1964 Canisius
666 1933 721 1964 ex
763 1914 891 1965 Italia
932 1917 1056 1962 venit
1096 1914 1157 1976 3.⁰
1199 1915 1467 1962 Decembris
1500 1915 1530 1974 ²,
1567 1917 1781 1963 comitem

159 1992 327 2037 habens
360 2009 416 2037 ex
439 1992 626 2054 Dilinga
658 1990 1088 2036 reuerendissimum
1119 1990 1391 2036 cardinalem
1423 2002 1730 2054 augustanum
1752 1988 1782 2046 ³,

157 2066 236 2129 qui
275 2082 380 2111 cum
417 2066 617 2128 principe
659 2077 814 2110 nostro
852 2077 954 2127 post
994 2063 1312 2109 salutationem
1353 2062 1547 2109 fratrum
1586 2063 1784 2126 perrexit

163 2139 477 2196 Ratisbonam,
504 2155 668 2201 magna
690 2138 935 2184 comitante
955 2149 1149 2183 caterua.
1171 2137 1442 2183 Carminum
1468 2136 1512 2182 in
1532 2138 1783 2183 aduentum

158 2215 252 2258 eius
275 2213 602 2258 exhibitionem
627 2212 869 2274 impediuit
892 2212 1087 2257 incertus
1110 2222 1154 2256 et
1178 2207 1439 2273 inopinatus
1462 2211 1700 2258 aduentus.
1728 2210 1782 2255 In

160 2297 378 2348 promptu
403 2286 591 2349 quidem
614 2296 757 2341 erant,
782 2286 859 2330 sed
879 2285 954 2348 qui
982 2284 1184 2329 recitaret
1201 2284 1387 2346 propter
1403 2285 1621 2346 temporis
1640 2300 1783 2347 angu—

159 2360 288 2405 stiam
323 2371 419 2405 erat
451 2376 601 2407 nemo.
642 2358 949 2404 Vehementer
984 2357 1290 2404 delectabatur
1326 2358 1420 2403 istis
1458 2357 1699 2422 epitaphijs
1737 2356 1782 2403 in

159 2444 355 2479 mortem
380 2433 601 2479 benedicti
638 2433 783 2478 Patris
809 2432 947 2478 nostri
973 2444 1019 2477 et
1049 2431 1110 2478 D.
1143 2431 1313 2495 Olauij.
1340 2432 1402 2478 D.
1430 2431 1655 2489 Canisius,
1681 2444 1784 2494 post

158 2508 473 2553 confirmatam
500 2507 808 2553 valetudinem
835 2509 858 2552 8
885 2506 1078 2562 dierum,
1104 2505 1270 2568 quibus
1300 2506 1422 2569 apud
1455 2522 1539 2551 nos
1570 2522 1781 2568 perman-

158 2583 230 2640 sit,
255 2583 439 2628 tandem
470 2582 735 2628 subsecutus
764 2592 844 2628 est.
871 2581 963 2626 Vbi
994 2580 1151 2636 hodie,
1184 2596 1348 2643 magna
1379 2580 1425 2626 in
1456 2579 1612 2642 populi
1646 2591 1782 2643 atque

212 2740 226 2765 ¹
281 2742 364 2778 Hac
393 2753 488 2778 voce
522 2745 709 2788 «quatuor
742 2744 938 2785 tempora»
975 2739 1248 2785 significantur.
1281 2739 1626 2783 BRAUNSBERGER,
1659 2734 1789 2775 Beati

161 2802 286 2842 Petri
306 2801 483 2849 Canisiz',
503 2800 546 2842 S.
566 2801 626 2849 J„
647 2799 868 2852 Epistulae
887 2804 930 2842 et,
945 2804 1056 2846 acta,
1077 2805 1101 2838 t.
1122 2809 1164 2847 11,
1185 2811 1274 2847 pag.
1299 2812 1386 2836 221.

212 2863 229 2889 2
282 2866 326 2902 In
344 2866 495 2901 Italiam
516 2866 636 2901 iverat
653 2864 843 2908 Canisius,
861 2863 1029 2909 acceptis
1043 2863 1247 2909 prioribus,
1265 2873 1362 2909 quae
1383 2862 1490 2897 illum
1507 2861 1554 2897 ad
1570 2862 1787 2907 generalem

161 2931 392 2964 conventum
412 2928 615 2971 vocabant,
643 2926 798 2970 litteris;
827 2929 864 2960 at
889 2935 976 2960 curn
1003 2925 1066 2960 hic
1093 2926 1140 2960 ad
1169 2924 1272 2960 aliud
1298 2929 1449 2969 tempus
1474 2923 1615 2959 dilatus
1641 2923 1787 2967 fuisset,

162 2991 287 3026 denuo
309 2990 347 3026 in
367 3001 475 3026 suam
498 2989 742 3026 Germaniam
762 2987 960 3025 remeavit.

215 3049 230 3074 3
285 3051 375 3087 Erat
408 3052 470 3088 hic
502 3051 726 3088 notissimus
759 3050 849 3086 Otto
879 3049 1102 3095 Truchsess,
1133 3049 1311 3096 antiquus
1341 3047 1546 3085 Societatis
1577 3048 1723 3084 amicus
1753 3051 1789 3082 et

167 3117 363 3158 patronus,
