2014 3528
825 258 849 296 4
878 255 967 294 MAJI
1002 244 1102 298 1556
1224 252 1226 254 ·
1649 257 1720 300 321

894 412 919 445 1
932 411 1034 446 ¹34

745 498 935 534 PETRUS
966 499 1186 537 CANALIS

473 581 685 631 PATRI
723 584 1013 632 IGNATIO
1052 585 1145 632 DE
1182 586 1462 632 LOYOLA

684 680 882 707 LUGDUNO
911 683 935 721 4
966 681 1054 716 MAJI
1088 671 1188 721 1556
1218 669 1247 708 ¹.

153 760 280 797 Amici
311 759 519 797 Societatis
548 763 683 806 optant
713 764 755 796 ut
786 761 882 797 haec
914 760 1120 798 stationem
1153 761 1329 807 Lugduni
1361 762 1636 799 habeat.—De
1662 762 1781 799 sacris

203 822 367 859 aedibus
387 823 567 859 dominae
588 828 742 859 nostrae
764 825 811 860 de
831 823 1219 862 Fourviere.—Pater
1240 823 1374 870 Canal,
1397 824 1434 860 in
1455 826 1617 872 patriam
1638 827 1780 862 valetu-

204 885 305 921 dinis
325 896 443 922 causa
463 884 671 932 profectuS,
695 885 942 922 convalescit.

915 972 1017 1068 Jlis.

219 1108 377 1155 Molto
404 1109 530 1154 Rdo.
567 1108 612 1153 in
647 1107 731 1154 X.⁰
760 1108 915 1156 Padre.
948 1109 1016 1155 La
1049 1109 1198 1173 gracia
1222 1120 1269 1156 et
1300 1126 1409 1173 pace
1438 1109 1482 1155 di
1519 1107 1600 1156 X.⁰
1626 1121 1781 1156 nostro

149 1183 330 1247 signore
356 1183 417 1230 sia
435 1200 614 1247 sempre
637 1183 738 1230 nell'
759 1183 908 1230 anime
932 1195 1097 1231 nostre.
1122 1185 1328 1231 Essendo
1348 1185 1390 1230 in
1415 1183 1591 1231 Lione2
1619 1185 1662 1230 in
1683 1202 1782 1232 casa

149 1257 195 1304 di
227 1257 373 1304 alcuni
406 1259 534 1305 amici
569 1259 709 1307 nostri
742 1270 787 1304 et
819 1259 1018 1321 parenti,
1043 1260 1347 1307 desiderando
1380 1259 1476 1306 loro
1507 1277 1596 1324 que
1629 1271 1782 1307 nostra

153 1332 442 1396 Compagnia
461 1335 675 1381 stendessi
695 1334 706 1380 i
727 1333 824 1379 suoi
845 1333 956 1378 rami
975 1333 1020 1379 in
1037 1346 1195 1397 questa
1209 1335 1319 1381 citra
1334 1334 1377 1381 di
1400 1335 1576 1397 Lyone,
1593 1335 1781 1381 essendo

150 1405 383 1454 informati
409 1408 480 1455 del
507 1408 654 1457 frutto
678 1419 723 1455 et
748 1407 887 1454 modo
919 1408 962 1454 di
1000 1409 1245 1471 procedere
1270 1410 1326 1456 de
1351 1425 1470 1468 essa,
1509 1426 1581 1455 me
1611 1409 1780 1455 dissero

150 1497 238 1545 que
269 1492 422 1528 nostra
452 1483 607 1530 donna
640 1484 683 1531 di
713 1482 933 1528 Foruiero
964 1483 1150 1530 serebbe
1186 1483 1330 1530 molto
1364 1483 1401 1529 al
1434 1484 1676 1546 proposito
1701 1500 1781 1546 per

151 1557 246 1613 noi,
279 1573 367 1621 que
393 1557 417 1603 ὲ
444 1575 532 1604 vna
563 1559 683 1623 giesa
715 1574 799 1604 con
827 1559 965 1621 vigne
995 1570 1044 1604 et.
1070 1558 1229 1605 iardini
1255 1568 1300 1604 et
1325 1558 1465 1604 molte
1497 1575 1615 1614 case,
1650 1558 1781 1623 quale

151 1631 284 1677 etiam
320 1631 380 1678 ha
414 1635 453 1679 le
486 1651 565 1680 sue
598 1633 762 1680 intrate
782 1633 810 1680 ³.
841 1633 951 1679 Non
988 1633 1026 1678 ci
1060 1649 1207 1679 sonno
1241 1649 1322 1696 per
1357 1632 1512 1678 adesso
1547 1649 1635 1697 que
1672 1633 1780 1679 certi

150 1706 285 1768 pochi
311 1707 539 1766 canonici,
565 1708 576 1754 i
603 1705 721 1772 qua'li
748 1725 860 1754 sono
885 1707 928 1753 in
957 1706 1074 1753 mala
1105 1707 1391 1770 reputatione
1416 1707 1486 1753 del
1515 1707 1711 1770 populo,
1737 1718 1781 1754 et

151 1797 241 1826 non
274 1780 504 1842 diconoli
538 1783 702 1829 lofficio
731 1783 915 1839 diuino,
948 1798 1089 1827 ouero
1120 1798 1219 1827 rare
1252 1781 1391 1829 uolte.
1431 1782 1473 1828 Si
1514 1781 1781 1846 monsignor

154 1856 292 1902 Rm0.
319 1857 543 1904 cardinale
569 1858 614 1904 di
640 1858 835 1904 Tornon
858 1855 886 1914 ⁴,
911 1856 1043 1921 quale
1067 1857 1091 1902 e
1117 1873 1314 1903 vescouo
1337 1856 1381 1902 di
1409 1855 1576 1913 Lione,
1605 1857 1779 1916 volessi,

207 1999 219 2024 ¹
275 2002 332 2038 Ex
353 2003 592 2050 autographo
613 2003 651 2039 in
670 2004 746 2040 vol.
768 2003 809 2049 F,
831 2004 945 2039 unico
969 2002 1073 2049 folio,
1096 2013 1135 2041 n.
1162 2013 1250 2048 244,
1271 2002 1376 2048 prius
1399 2012 1485 2049 290.

203 2062 220 2087 ²
274 2065 374 2101 Vide
396 2066 506 2112 epist.
533 2077 644 2112 1122,
665 2066 730 2102 ubi
755 2067 834 2113 jam
856 2066 1000 2102 dictum
1022 2070 1081 2102 est
1100 2066 1251 2101 Patrem
1272 2064 1392 2101 Canal
1413 2065 1452 2100 in
1472 2065 1655 2110 patriam,
1677 2066 1777 2101 vale-

151 2127 296 2163 tudinis
327 2138 462 2173 causa,
490 2128 606 2164 fuisse
641 2128 871 2174 profectum,
900 2128 938 2163 id
966 2129 1068 2174 quod
1099 2128 1146 2163 ad
1167 2128 1311 2163 calcem
1333 2127 1446 2173 hujus
1479 2127 1664 2172 epistolae
1696 2128 1778 2173 ipse

152 2190 308 2227 indicat.
382 2232 385 2235 Α

207 2250 222 2276 ³
279 2254 320 2289 In
338 2254 591 2290 instrumento
611 2254 796 2290 ecclesiae
814 2253 1077 2300 lugdunensis,
1098 2263 1134 2289 n.
1152 2260 1270 2298 XXIX,
1293 2252 1353 2288 cui
1374 2252 1519 2288 titulus:
1544 2247 1779 2289 «Fundatio

149 2314 346 2354 ecclesiae
361 2313 646 2354 conventualis
660 2319 704 2353 et
714 2313 966 2367 collegiatae
980 2312 1032 2352 de
1046 2312 1253 2352 Forverio
1266 2311 1309 2351 in
1323 2311 1523 2351 honorem
1540 2311 1589 2350 B.
1608 2311 1779 2350 Mariae

150 2381 194 2415 et
213 2377 259 2417 S.
288 2375 484 2424 nomae,
507 2370 711 2417 Cantuar.
739 2375 942 2427 archiep„
965 2375 1065 2415 novi
1086 2374 1306 2427 martyris,
1328 2387 1418 2414 cum
1443 2374 1643 2426 homagio
1668 2387 1778 2427 erga

150 2437 366 2478 ecclesiam
394 2437 628 2491 Lugdun.»,
658 2441 837 2487 leguntur
865 2440 964 2476 inter
991 2440 1083 2476 alia:
1116 2439 1386 2476 ‹Donavimus
1416 2439 1471 2475 eis
1501 2443 1623 2475 totum
1652 2439 1776 2485 ipsum

150 2503 290 2548 locum,
312 2503 349 2538 in
371 2513 446 2549 quo
468 2503 540 2539 sita
562 2507 619 2539 est
641 2504 818 2549 ecclesia,
836 2504 999 2539 liberum
1020 2503 1068 2538 ab
1089 2503 1192 2539 omni
1213 2503 1289 2539 alia
1311 2503 1600 2548 consuetudine,
1617 2507 1777 2549 excepta

151 2575 215 2610 ea,
238 2575 336 2611 quae
356 2565 455 2601 infra
475 2570 608 2601 notata
631 2570 704 2611 est,
728 2570 765 2602 et
786 2567 936 2612 domus,
958 2570 994 2601 et
1014 2565 1261 2608 cimiterium,
1282 2569 1319 2602 et
1338 2566 1490 2611 vineas,
1511 2568 1548 2601 et
1567 2565 1718 2611 hortos,
1740 2568 1776 2600 et

151 2638 345 2674 campum,
367 2628 421 2664 ita
440 2631 569 2664 tamen
589 2631 630 2663 ut
658 2629 804 2667 nullum
826 2628 865 2663 in
886 2638 1022 2674 campo
1043 2627 1110 2663 fiat
1138 2628 1375 2674 aedificium,
1398 2635 1434 2663 et
1455 2627 1642 2673 quidquid
1662 2627 1774 2673 primi

151 2690 339 2736 capellani
355 2690 537 2726 tenebant
553 2701 574 2726 a
590 2694 726 2736 crypta
742 2691 907 2726 rotunda
921 2700 1043 2736 usque
1058 2690 1108 2725 ad
1123 2690 1273 2726 vineam
1291 2689 1326 2724 V
1328 2689 1578 2735 ulgrinorum,
1597 2694 1633 2724 et
1648 2690 1773 2725 locum

152 2753 277 2798 illum,
299 2752 363 2799 qui
390 2753 508 2799 vulgo
535 2753 675 2788 dicitur
695 2749 756 2790 les
775 2750 897 2798 sales,
920 2763 965 2788 ea
991 2757 1118 2798 tamen
1145 2753 1273 2798 platea
1300 2756 1466 2797 retenta,
1487 2752 1524 2787 in
1553 2762 1626 2798 qua
1656 2752 1774 2788 boves

150 2815 263 2852 vendi
285 2818 600 2853 consueverant.»
626 2814 1114 2860 SAMMARTHAM—PmLm,
1146 2812 1290 2853 Gallia
1310 2811 1560 2856 christiana,
1581 2817 1607 2851 t.
1629 2822 1686 2860 1v,
1708 2810 1774 2851 In-

150 2880 385 2916 strumenta
405 2874 468 2914 ad
484 2881 510 2914 t.
532 2886 588 2924 lv,
611 2878 683 2914 col.
707 2888 766 2923 24.

206 2937 220 2962 ⁴
279 2940 530 2977 «Franciscus
551 2941 598 2976 de
618 2940 817 2987 Tournon,
840 2941 1053 2977 cardinalis
1068 2940 1276 2987 Ostiensis,
1299 2952 1346 2977 ex
1365 2940 1629 2976 vetustissima
1649 2939 1776 2975 claris—

151 3002 325 3049 simaque
351 3001 547 3039 Turnonia
573 3007 687 3049 gente
716 3003 841 3039 editus
872 3002 987 3050 1489.
1013 3003 1149 3040 Jacobi
1176 3002 1249 3049 XI,
1270 3003 1416 3039 domini
1446 3004 1492 3039 de
1520 3003 1719 3048 Tournon,
1742 3005 1778 3036 et

150 3065 349 3101 Johannae
371 3065 417 3101 de
438 3065 620 3112 Polignac
640 3065 795 3111 fllius...,
817 3066 914 3102 sacri
937 3070 1231 3114 purpuratorum
1247 3071 1403 3102 senatus
1420 3065 1610 3111 princeps,
1629 3064 1778 3100 cancel-

152 3129 268 3165 larius
291 3128 436 3164 ordinis
465 3128 504 3165 S.
521 3128 735 3175 Michaelis,
754 3132 790 3165 et
810 3129 1059 3175 plurimorum
1083 3130 1401 3165 monasteriorum
1419 3128 1577 3164 abbas...
1595 3127 1777 3172 magister

275 3208 449 3240 Eris-rotat
471 3209 626 3246 Mixa-At,
650 3218 730 3240 τοΜ,
757 3219 787 3239 v.
1283 3244 1286 3247 Ι
1614 3215 1648 3236 21
