2008 3510
707 283 758 322 30
787 270 1030 310 DEchmus
1061 270 1162 321 1556
1617 271 1691 309 601

123 386 322 440 spectes;
345 376 476 423 aliam
501 393 686 440 quoque
710 376 930 424 habemus
961 392 1127 423 nouem
1154 375 1439 422 ducatorum.
1467 375 1520 421 In
1547 367 1746 434 summa,

124 449 236 497 nihil
260 450 386 497 deest
408 450 454 496 in
479 450 587 497 istis.
613 450 679 496 Sit
703 449 936 497 Dominus
960 451 1006 497 in
1032 448 1247 496 omnibus
1272 448 1551 496 benedictus.

186 524 294 584 Jam
318 524 557 587 incipimus
582 541 859 589 congregare
883 526 1023 572 lectos
1040 525 1263 587 aliamque
1278 540 1571 570 communem
1597 524 1745 587 supel-

60 658 64 662 ι
125 597 338 654 lectilem,
363 597 424 643 ita
454 609 507 643 vt
530 597 712 645 abunde
735 599 779 645 in
812 599 1066 645 necessariis
1096 598 1332 661 prouisum
1364 597 1449 643 erit
1473 597 1630 644 futuro
1654 598 1746 643 col-

124 671 258 734 legio.
282 671 554 718 Benedictus
578 673 832 731 Dominus,
862 674 990 720 cuius
1019 673 1166 737 gratia
1196 673 1258 718 ita
1280 672 1361 718 hec
1385 673 1540 718 omnia
1563 673 1747 735 suscipi-

123 760 255 803 mus,
287 757 338 791 vt
369 745 520 808 potius
550 745 684 793 nobis
713 758 907 810 agantur
937 748 1100 811 gratie,
1131 746 1257 810 quod
1288 746 1577 808 suscipimus,
1607 763 1743 809 quam

124 817 208 864 illis
244 834 432 882 agamus
461 820 652 882 gratiaS,
682 821 807 884 quod
840 821 970 867 nobis
1004 822 1199 879 donant,
1230 836 1460 884 quamque
1496 831 1748 883 Vtrumque

121 889 366 954 vtrobique
391 908 483 937 non
509 893 635 939 desit.
662 893 735 939 De
761 893 828 939 his
851 911 961 956 ergo
987 894 1104 940 satis.

188 965 261 1010 De
287 965 549 1012 valetudine
568 977 720 1012 nostra
739 984 830 1013 non
850 967 995 1014 habeo
1014 967 1238 1030 singulare
1256 967 1383 1030 quod
1400 965 1612 1024 scribam,
1642 983 1746 1012 nam

120 1054 280 1084 omnes
315 1040 419 1085 satis
459 1039 572 1086 bene
614 1041 829 1088 valemus.
872 1041 924 1090 P.
956 1041 1224 1088 Candidus¹
1259 1041 1305 1086 in
1339 1039 1457 1086 festo
1501 1040 1748 1086 natiuitatis

122 1111 314 1158 Domini
339 1112 475 1159 latine
500 1115 794 1161 concionatus
825 1127 892 1161 est
921 1114 1291 1179 frequentissimo
1321 1131 1472 1160 coram
1504 1114 1745 1172 auditorio,

122 1195 188 1243 et,
227 1196 279 1231 vt
307 1186 602 1245 confidimus,
646 1205 737 1235 non
769 1188 939 1252 absque
970 1205 1138 1252 magno
1169 1188 1322 1234 fructu
1360 1200 1405 1234 et
1444 1187 1746 1244 edificatione3

122 1259 350 1306 dominica
388 1278 499 1307 vero
542 1263 752 1324 proxima
787 1263 1016 1309 inchoabit
1059 1263 1193 1324 (Deo
1235 1261 1448 1323 volente)
1492 1261 1746 1307 doctrinam

122 1333 411 1380 christianam
436 1334 481 1380 in
505 1335 847 1399 paeda[go]gio
872 1335 1130 1382 falconensi.

187 1406 239 1454 P.
265 1407 504 1455 Arnoldus
522 1407 539 1433 2
562 1419 686 1455 totus
716 1426 897 1456 mecum
931 1410 1105 1456 laborat
1129 1410 1173 1455 in
1198 1408 1433 1455 audiendis
1456 1407 1746 1454 confessioni-

122 1479 235 1538 bus;
277 1481 470 1528 subinde
510 1482 645 1528 etiam
686 1484 943 1546 germanice
982 1484 1278 1530 concionatur
1315 1499 1406 1528 non
1443 1481 1537 1527 sine
1579 1498 1747 1544 magno

121 1553 287 1601 fructu.
322 1555 376 1601 In
409 1556 540 1602 tertia
570 1557 813 1619 parochiali
838 1557 1039 1614 ecclesia,
1076 1557 1284 1604 videlicet
1314 1556 1447 1602 diuae
1488 1555 1746 1613 Gertrudis‚

115 1628 212 1692 Jam
238 1630 485 1692 exponitur
507 1630 762 1676 venerabile
784 1642 1118 1677 sacramentum
1150 1647 1255 1676 cum
1287 1628 1483 1675 candelis
1513 1639 1558 1674 et
1580 1629 1746 1675 cande-

122 1702 256 1749 labris
281 1703 505 1766 argenteis
530 1703 796 1768 reliquoque
820 1716 1009 1764 ornatu,
1045 1705 1160 1751 sicut
1193 1703 1343 1766 sepius
1374 1702 1527 1765 scripsi
1553 1719 1577 1748 a
1602 1702 1746 1765 pluri-

122 1774 207 1822 bus
236 1777 362 1823 annis
394 1777 489 1823 fieri
521 1778 566 1823 in
597 1778 746 1841 prima
775 1789 820 1824 et
856 1783 915 1826 2.⁸
960 1777 1289 1842 parochialibus
1329 1775 1533 1822 ecclesiis,
1568 1775 1743 1822 Ibidem

122 1850 258 1896 etiam
283 1850 475 1898 subinde
498 1852 834 1898 concionamur.

188 1925 262 1970 De
286 1924 408 1983 loco,
439 1942 576 1988 quem
606 1926 825 1982 emimus,
856 1926 942 1972 hoc
972 1926 1245 1989 pretermisi:
1276 1925 1403 1988 quod
1435 1941 1554 1970 nunc
1581 1935 1744 1969 tracta-

123 2014 226 2043 mus
249 2009 300 2044 vt
324 1998 452 2044 binas
487 1999 592 2046 edes
623 1999 790 2045 vicinas
820 1999 958 2046 etiam.
987 2016 1192 2045 emamus
1222 2010 1267 2045 et
1296 1999 1644 2061 coniungamus.
1673 1998 1747 2043 De

122 2071 254 2116 tertia
276 2071 438 2128 domo,
463 2088 554 2135 que
580 2089 671 2118 non
698 2072 848 2118 minus
872 2073 1099 2118 constabit
1121 2089 1260 2136 quam
1284 2071 1430 2118 tribus
1454 2070 1635 2116 milibus
1659 2070 1744 2116 flo—

122 2160 353 2203 renorum,
378 2145 511 2191 etiam
539 2162 803 2208 ceperamus
827 2157 1036 2203 tractare;
1062 2147 1138 2192 sed
1161 2146 1266 2210 quia
1290 2146 1477 2193 domina
1500 2145 1666 2190 domus
1690 2144 1747 2190 ad

122 2228 319 2264 mortem
351 2235 493 2282 vsque
523 2219 777 2276 decumbit,
809 2230 854 2266 et
879 2220 1047 2267 domus
1077 2221 1170 2283 ipsa
1202 2220 1371 2283 absque
1403 2218 1545 2265 dubio
1579 2218 1747 2263 venalis

122 2291 204 2336 erit
229 2303 332 2354 post
356 2304 550 2339 mortem
578 2293 731 2356 ipsius,
755 2293 815 2339 sic
839 2294 1112 2357 quiescimus
1136 2304 1182 2340 et
1199 2293 1454 2340 differimus
1470 2294 1526 2338 ad
1551 2303 1743 2354 tempus.

126 2365 220 2411 His
243 2366 362 2412 enim
387 2366 602 2413 omnibus
620 2367 799 2426 habitis,
815 2384 919 2414 sane
938 2368 1170 2431 ingentem
1186 2368 1586 2431 gratissimumque
1610 2366 1745 2412 habe-

123 2438 274 2485 bimus
296 2439 448 2486 locum
479 2452 524 2486 et
546 2441 604 2487 ad
627 2441 961 2504 omnia·aptum
979 2479 991 2498 ,
1026 2458 1131 2488 nam
1157 2453 1202 2488 et
1225 2458 1362 2506 quem
1389 2441 1529 2487 modo
1553 2439 1747 2485 emimus

123 2512 360 2569 sufficeret3
385 2513 463 2559 sed
487 2513 581 2559 aliis
604 2514 661 2559 de
683 2513 826 2559 causis
850 2514 931 2560 hec
955 2526 1059 2559 ante
1081 2514 1163 2560 alia
1187 2530 1429 2577 procurare
1453 2512 1744 2568 intendimus,

123 2596 196 2644 vt,
223 2603 313 2650 que
344 2586 550 2633 edificare
583 2586 627 2632 in
662 2598 898 2649 posterum
930 2587 1227 2645 intendimus,
1258 2587 1518 2634 edificemus
1550 2597 1595 2631 et
1623 2585 1746 2631 ordi-

122 2675 285 2706 nemus
323 2660 575 2707 secundum
614 2660 788 2717 lOcum,
829 2677 966 2724 quem
1006 2678 1118 2707 vero
1161 2661 1365 2708 similiter
1410 2677 1494 2705 suo
1540 2669 1747 2722 ternpore

122 2749 387 2780 emeremus.

187 2806 241 2853 P.
270 2807 536 2853 Anthonius
554 2806 586 2864 ³,
612 2807 816 2853 Tornaci
840 2823 993 2871 agens,
1018 2807 1227 2854 nondum
1251 2807 1382 2871 plene
1406 2805 1640 2852 restitutus
1659 2815 1742 2864 est,

174 2926 188 2952 ¹
243 2929 282 2966 P.
304 2929 499 2966 Adrianus
519 2929 717 2966 Candidus
737 2927 906 2978 (Witte).

174 2987 191 3012 ²
245 2990 439 3027 Arnoldus
457 2991 614 3029 Hezius.

175 3050 192 3075 3
247 3052 440 3089 Antonius
458 3053 653 3099 Bucletus,
673 3052 720 3088 de
741 3062 817 3099 quo
836 3052 947 3098 plura
967 3052 1070 3098 apud
1082 3052 1290 3099 POLANCO,
1312 3055 1337 3088 t.
1358 3058 1416 3096 VI,
1437 3060 1523 3096 pag.
1546 3058 1635 3096 474,
1656 3056 1745 3095 475,

124 3125 162 3152 n.
184 3125 298 3161 2042,
321 3116 437 3159 2046.
