1982 3516
324 316 402 356 4²0
786 303 1022 343 EmsroLAE
1051 305 1296 344 MxxTAE——1
1307 317 1323 343 1
1331 316 1379 357 75

270 410 455 458 lettione
481 409 599 457 della
622 410 823 458 dottrina
853 411 1095 459 christiana
1125 429 1212 459 con
1241 411 1411 470 frutto,
1435 423 1500 470 et,
1536 429 1617 476 per
1640 412 1792 477 quello
1815 413 1898 461 che

269 502 314 532 se
339 485 495 544 uedea,
520 501 606 532 con
630 483 963 534 sodisfattione.

333 560 454 606 Sono
477 560 593 606 costi
617 571 718 607 otto
751 560 1009 607 monastieri
1041 559 1087 607 di
1113 560 1355 618 monache,
1390 561 1492 607 nelli
1519 560 1639 624 quali
1665 561 1711 607 in
1735 560 1899 608 diuersi

269 635 416 699 giorni
442 652 523 699 per
548 636 654 682 tutti
679 636 884 683 diceamo
919 636 1027 700 ogni
1051 636 1100 683 di
1127 652 1290 693 messa,
1315 647 1360 682 et
1383 636 1417 682 si
1450 634 1713 683 saccea-vna
1735 635 1900 682 exhor-

269 711 438 758 tatione
462 711 577 758 della
601 709 877 775 perfectione
902 722 948 758 et
971 711 1148 775 dignita
1173 710 1290 758 della
1315 711 1406 757 vita
1435 711 1657 775 religiosa.
1686 710 1749 757 Et
1772 710 1899 757 final—

270 797 421 832 mente
445 786 689 849 pretendea
713 786 754 832 la
777 786 886 832 citta
910 797 1218 842 reteneruene,
1244 797 1289 832 et
1313 786 1369 832 ad
1394 786 1464 832 cio
1491 785 1634 832 hauea
1658 797 1899 850 preparato

267 871 426 906 stanza
458 877 538 924 per
584 871 705 906 tutto
741 871 902 924 questo
943 877 1084 917 anno,
1125 860 1357 906 trattando
1400 860 1440 905 la
1479 859 1699 906 erettione
1739 860 1796 907 de
1836 876 1899 906 vn
1964 890 1966 892 ·

267 933 471 998 collegio;
497 945 542 980 et
567 935 611 980 in
636 945 799 998 questo
824 935 857 979 s'
878 934 1135 997 adoperaua
1160 951 1273 980 anco
1298 950 1360 980 vn
1386 931 1521 980 fratte
1540 933 1585 980 di
1611 934 1652 980 S.
1679 933 1900 981 Benedet-

268 1019 332 1067 to,
357 1010 440 1055 che
464 1010 487 1055 ἐ
514 1009 664 1072 priore
689 1008 733 1054 in
763 1008 949 1066 Perosa,
974 1019 1020 1054 et
1045 1009 1200 1055 natiuo
1224 1009 1281 1055 de
1306 1019 1464 1071 questa
1498 1018 1636 1065 terra,
1662 1019 1707 1054 et
1736 1008 1899 1055 demo-

268 1095 419 1129 straua
444 1083 586 1129 molta
609 1082 843 1129 affettione
867 1083 950 1129 alla
973 1082 1273 1146 Compagnia3
1290 1083 1371 1129 che
1389 1082 1493 1129 tutti
1515 1099 1627 1128 sono
1653 1082 1779 1145 segni
1805 1098 1901 1128 ma-

270 1155 417 1203 nifesti
443 1157 513 1203 ch'
534 1156 561 1203 il
588 1157 752 1220 Signor
783 1173 875 1203 non
901 1156 1134 1220 guardaua
1158 1155 1240 1203 alle
1265 1167 1417 1202 nostre
1441 1154 1801 1219 imperfettione,
1828 1171 1901 1202 ma

267 1230 349 1277 che
380 1230 723 1277 interiormente
755 1231 788 1277 si
822 1230 1172 1277 communicaua
1209 1230 1291 1277 alle
1331 1230 1479 1277 anime
1511 1229 1629 1287 loro,
1670 1229 1900 1294 maggior-

269 1317 420 1353 mente
452 1307 534 1373 elie
572 1306 700 1352 molti
732 1305 830 1352 loro
872 1307 906 1352 si
942 1306 1135 1353 uoleano
1169 1306 1275 1353 dare
1306 1305 1388 1352 alla
1427 1304 1731 1369 Compagnia.
1778 1303 1900 1351 Delli

268 1380 421 1445 qualli,
441 1377 653 1428 hauendo
667 1381 747 1427 noi
772 1381 930 1427 occhio
950 1398 974 1427 a
997 1392 1171 1446 quanto
1195 1380 1224 1427 il
1247 1380 1395 1427 Padre
1411 1390 1581 1427 rettore
1602 1379 1615 1405 ¹
1642 1379 1686 1426 ui
1712 1379 1900 1438 ordena,

271 1454 634 1502 n0n³zhabbiamo
658 1454 846 1518 pigliato
870 1456 951 1519 piu
977 1456 1022 1502 di
1050 1467 1139 1514 tre,
1165 1456 1192 1502 li
1220 1455 1340 1521 quali
1365 1455 1612 1502 habbiamo
1638 1455 1853 1502 mandato
1877 1470 1902 1500 a

273 1530 467 1587 Loreto,
493 1541 537 1576 et
561 1530 608 1576 in
631 1529 820 1593 guardia
843 1540 889 1577 et
921 1531 1194 1594 compagnia
1224 1532 1344 1588 loro,
1370 1531 1398 1578 il
1423 1529 1600 1577 fratello
1626 1529 1899 1587 Hortensio,

269 1605 351 1651 che
376 1605 523 1668 prima
548 1605 690 1650 hauea
722 1616 906 1651 menato
939 1604 966 1650 l'
988 1605 1088 1651 altri
1119 1616 1188 1652 tre
1217 1606 1274 1653 de
1307 1606 1572 1652 Mathelica.
1606 1604 1770 1666 Questi
1794 1603 1900 1649 tutti

271 1691 338 1725 tre
369 1696 483 1725 sono
512 1679 753 1726 sacerdoti:
784 1696 877 1725 vno
910 1696 984 1725 era
1011 1674 1359 1727 mastre'schola
1392 1680 1464 1726 nel
1494 1680 1636 1727 domo
1669 1679 1715 1726 di
1740 1679 1780 1724 S.
1809 1678 1901 1723 Ve-

271 1753 447 1809 nantio‚
473 1765 668 1799 maestro
692 1753 794 1800 dico
820 1766 864 1799 et
888 1753 958 1799 nel
986 1753 1223 1801 humanita
1246 1765 1291 1801 et
1312 1754 1382 1801 nel
1403 1766 1537 1801 canto
1562 1754 1692 1800 basso
1715 1765 1760 1799 et
1784 1752 1902 1816 figu-

270 1839 384 1884 rato,
410 1827 610 1891 giouano
634 1827 679 1882 di
705 1830 763 1874 28
800 1828 904 1874 anni
938 1827 978 1874 al
1011 1829 1114 1892 piu,
1141 1829 1285 1876 molto
1310 1830 1482 1876 humile
1516 1840 1561 1875 et
1591 1828 1821 1884 modesto,
1845 1827 1903 1874 de
1933 1829 1935 1832 ⁴

272 1902 487 1948 mediocri
521 1912 714 1959 statura,
747 1901 818 1947 nel
852 1901 978 1948 volto
1019 1902 1157 1949 uerile
1198 1915 1243 1950 et
1283 1914 1406 1950 tutto
1447 1903 1658 1960 barbam,
1699 1903 1757 1949 da
1794 1901 1902 1947 tutti

272 1975 418 2022 molto
443 1987 618 2034 amato,
643 1988 688 2022 et
712 1976 752 2022 la
777 1976 857 2039 piu
885 1975 1002 2023 forte
1020 1977 1184 2024 coluna
1206 1977 1321 2024 nelle
1341 1978 1463 2025 virtu
1494 1978 1611 2041 (non
1635 1975 1902 2040 derogando

273 2050 421 2096 niente
447 2049 533 2113 agli
559 2049 684 2112 altri)
712 2051 781 2096 ch’
803 2068 879 2097 era
903 2051 947 2097 in
975 2063 1136 2115 questo
1160 2052 1362 2116 collegio.
1395 2053 1434 2099 F
1438 2054 1498 2099 uo
1524 2063 1653 2098 tanto
1686 2051 1714 2097 il
1746 2051 1902 2114 pianto

273 2124 376 2170 nelli
401 2125 603 2171 canonici
629 2124 712 2170 alla
736 2142 816 2171 sua
841 2126 1020 2188 partita,
1045 2126 1128 2172 che
1152 2142 1259 2189 pare
1286 2127 1347 2191 gli
1376 2125 1494 2173 fosse
1519 2136 1671 2172 morto
1696 2124 1724 2171 il
1744 2125 1901 2188 padre.

272 2198 309 2244 Il
334 2198 532 2245 secondo
556 2215 631 2244 era
654 2216 717 2245 vn
742 2199 939 2246 terribile
963 2199 1002 2245 al
1028 2201 1201 2247 mondo
1216 2239 1228 2259 ‚
1251 2217 1382 2247 come
1407 2201 1556 2264 prima
1578 2199 1815 2247 dicessimo
1839 2213 1901 2244 vn

275 2272 553 2329 Hortensio,
585 2289 749 2319 ancora
781 2284 976 2320 maestro
1001 2274 1079 2338 qui
1110 2275 1156 2320 in
1189 2291 1279 2321 vna
1310 2288 1427 2321 terra
1453 2274 1569 2322 della
1596 2274 1778 2330 Marca,
1803 2272 1901 2336 gio-

274 2363 388 2393 uane
412 2348 584 2410 grande
607 2359 652 2393 et
683 2346 796 2393 bene
830 2349 1202 2410 proportionato,
1227 2360 1272 2395 et
1301 2349 1375 2396 del
1411 2348 1559 2413 qualle
1587 2365 1633 2394 se
1661 2363 1791 2410 spera
1820 2346 1899 2409 piu

272 2421 355 2467 che
378 2422 448 2468 del
475 2421 640 2484 primo.
672 2420 729 2467 L'
750 2421 911 2468 ultimo
937 2422 961 2468 ἐ
987 2439 1047 2468 vn
1072 2423 1289 2480 siciliano,
1314 2423 1371 2471 de
1407 2437 1463 2484 27
1498 2423 1625 2479 anni,
1656 2421 1726 2467 nel
1747 2420 1901 2484 ⁸qualle

272 2497 351 2559 piu
380 2497 416 2542 le
442 2497 564 2553 virtu
591 2496 742 2542 innate
772 2496 1019 2543 habbiamo
1051 2498 1334 2544 considerato
1363 2498 1444 2544 che
1476 2498 1517 2544 le
1549 2496 1774 2560 acquisiti,
1800 2495 1900 2559 giu-

271 2571 464 2618 dicando
495 2587 638 2617 essere
670 2582 715 2616 et
744 2587 904 2634 capace
934 2582 979 2618 et
1009 2588 1033 2617 a
1076 2582 1232 2635 tempo
1262 2573 1319 2619 de
1352 2572 1599 2636 agg‘iutarsi
1636 2571 1681 2617 in
1722 2582 1899 2634 queste:

271 2658 433 2707 questo
460 2644 484 2689 ἐ
509 2661 570 2690 vn
598 2644 797 2707 giouano
822 2645 878 2691 de
903 2644 1080 2691 mirabil
1103 2646 1298 2705 charita,
1323 2658 1368 2692 et
1393 2645 1480 2692 ben
1504 2644 1740 2709 gagliardo
1759 2643 1790 2703 ²,
1815 2654 1899 2691 etc.

339 2718 533 2779 QuestQ
560 2717 706 2764 Padre
732 2718 823 2764 mio
859 2718 902 2764 in
936 2719 1121 2766 Christo
1149 2720 1296 2778 Rdo.,
1322 2720 1346 2766 e
1379 2719 1530 2784 quello
1561 2736 1702 2783 pocco
1731 2719 1813 2764 che
1839 2717 1899 2764 mi
1945 2728 1947 2731 ’

272 2809 468 2839 occorre.
508 2792 641 2839 Oltra
671 2792 694 2838 ἐ
735 2809 918 2850 ancora,
948 2794 1030 2840 che
1068 2794 1178 2841 duoi
1217 2795 1397 2841 maestri
1428 2794 1474 2842 di
1506 2794 1750 2841 Camerino
1784 2792 1900 2839 della

272 2868 555 2914 communita
580 2868 615 2914 si
640 2883 752 2914 sono
778 2885 928 2915 mosso
953 2868 1037 2915 alla
1061 2868 1366 2933 Compagnia,
1384 2881 1429 2916 et
1447 2886 1528 2933 per
1553 2868 1582 2915 il
1607 2868 1696 2914 fine
1720 2868 1776 2914 de
1803 2868 1900 2913 Set-

274 2940 437 2986 tembri
464 2940 765 2998 deliberatosi,
790 2953 835 2988 et
860 2942 1112 3005 parimente
1135 2942 1243 2989 duoi
1261 2943 1438 2989 chierici
1463 2942 1509 2990 di
1536 2942 1579 2990 S.
1605 2941 1834 2997 Seuerino;
1859 2939 1899 2986 al

326 3110 338 3135 ¹
398 3113 590 3150 Oliverius
611 3114 827 3151 Manareus.

326 3173 342 3197 2
396 3176 602 3223 POLANco,
624 3180 649 3213 t.
671 3185 728 3220 vt,
750 3188 835 3223 pag.
856 3178 918 3223 88,
940 3179 1004 3225 89,
1027 3187 1061 3216 n.
1084 3178 1272 3228 294-296.
