2014 3528
311 300 387 339 342
464 338 466 341 v
742 299 745 301 ’
776 286 1009 324 EmsTOLAE
1040 286 1370 338 Μαῖα-1142

259 412 317 441 vn
350 412 517 441 mezzo
550 395 707 458 migiio
733 394 931 441 discosto
956 393 1073 439 della
1101 394 1230 452 cittii,
1258 394 1301 440 in
1329 411 1389 440 vn
1416 394 1691 440 monesterio
1715 395 1761 441 di
1795 411 1891 441 mo-

259 470 353 516 naci
380 470 423 515 di
449 480 579 515 santo
606 469 862 515 Benedetto
880 507 890 526 ,
922 469 1119 514 andamo
1144 485 1224 531 per
1249 468 1470 526 uisitarlo‚
1496 481 1540 514 et
1564 469 1601 514 ci
1627 469 1685 515 ha
1709 481 1892 515 receuto

255 544 362 590 sua¹
390 544 497 591 Sria.
525 544 676 592 Illma.
702 544 888 590 insieme
912 560 996 589 con
1025 543 1050 588 li
1079 543 1177 589 suoi
1203 554 1330 588 tanto
1355 543 1794 601 amoreuolemente,
1811 545 1892 590 che

258 619 316 664 mi
346 635 479 682 parea
503 636 527 664 a
553 635 626 665 me
651 635 894 665 conuersas
918 635 1002 663 con
1030 618 1040 663 i
1070 618 1171 663 miei
1198 618 1328 680 padri
1354 629 1398 663 et
1429 616 1589 664 fratelli
1617 619 1662 664 in
1688 619 1890 666 Christo.

257 693 359 740 Con
396 693 459 739 lui
492 694 636 740 siamo
678 694 858 739 remassi
902 692 1054 757 quello
1095 693 1281 756 giorno,
1307 704 1351 738 et
1392 693 1421 738 il
1457 705 1673 757 sequente
1715 694 1890 757 giorno,

257 769 467 814 hauendo
510 769 689 815 disnato
721 785 806 814 con
838 785 917 813 sua
954 761 1061 813 Sria.
1101 767 1201 813 Ella
1233 767 1271 813 ci
1299 766 1534 814 abbrazzo
1570 785 1701 814 come
1737 785 1761 813 a
1793 769 1890 814 suoi

255 840 435 900 fratelli,
457 854 501 888 et
526 843 564 888 ci
590 841 686 889 fece
713 842 937 905 proueder
963 842 1019 888 de
1045 841 1327 887 caualcature
1348 858 1428 904 per
1453 832 1600 887 insino
1619 859 1643 887 a
1665 842 1890 898 Meldula,

256 917 409 963 duoue
440 917 644 975 arriuati,
677 929 722 963 et
754 916 897 962 molto
921 916 1127 979 espettati
1154 928 1198 962 et
1222 916 1484 974 desiderati,
1516 932 1607 962 non
1638 933 1724 962 con
1757 933 1892 962 meno

256 991 608 1038 amoreuolezza
642 991 773 1037 furno
806 991 972 1037 receuti
1004 991 1076 1037 dal
1109 991 1191 1037 8.oe
1217 989 1455 1037 Leonelo2
1484 1001 1528 1036 et
1561 990 1661 1037 dala
1692 991 1890 1054 signora,

254 1077 300 1112 et
329 1065 592 1112 finalmente
621 1066 679 1113 da
713 1076 833 1112 tutta
867 1065 904 1111 la
930 1077 1068 1121 terra,
1099 1065 1231 1128 quale
1266 1076 1386 1111 tutta
1409 1065 1446 1111 ci
1472 1076 1604 1128 porta
1631 1082 1690 1111 vn
1719 1065 1891 1111 honore

255 1141 529 1188 incredibile.
548 1141 603 1187 Li
620 1140 859 1199 sacerdoti,
876 1140 958 1186 che
974 1139 1231 1186 hann'cura
1247 1139 1291 1186 di
1309 1149 1467 1203 queste
1483 1139 1657 1196 chiesie,
1677 1156 1892 1203 vengono

255 1215 327 1262 dal
365 1216 510 1262 Padre
540 1215 832 1279 offerindogli
859 1214 899 1260 le
918 1214 1101 1270 chiesie,
1129 1214 1167 1259 le
1192 1214 1340 1259 anime
1366 1225 1410 1259 et
1433 1230 1478 1259 se
1503 1214 1624 1259 stessi
1656 1230 1740 1260 con
1774 1225 1892 1260 tutta

254 1291 294 1336 la
325 1308 405 1337 sua
436 1291 600 1349 robba,
632 1307 718 1337 con
745 1292 769 1336 li
797 1290 916 1354 quali
945 1290 970 1334 ἱΙ
999 1289 1047 1336 Ρ.
1077 1289 1243 1335 Fuluio
1267 1305 1314 1334 sa
1338 1287 1554 1334 taimente
1581 1305 1825 1334 conuersar
1848 1301 1892 1334 et

255 1378 434 1422 trattar,
468 1366 551 1412 che
576 1367 671 1428 par'
697 1365 779 1411 che
805 1366 867 1410 sia
895 1374 1012 1410 stato
1037 1364 1083 1410 in
1116 1374 1240 1410 corte
1273 1374 1396 1408 tutto
1422 1363 1449 1408 il
1476 1374 1632 1426 tempo
1663 1362 1780 1409 della
1811 1379 1892 1409 sua

255 1443 364 1489 uita.
411 1441 700 1488 Finalmente
735 1458 815 1487 sua
847 1440 957 1487 Sria.
992 1456 1076 1485 con
1109 1449 1228 1484 tutta
1260 1437 1299 1483 la
1332 1448 1451 1483 terra
1483 1438 1771 1484 conosciamo
1808 1438 1891 1484 che

201 1562 207 1566 ,
254 1517 407 1562 hanno
438 1516 710 1561 santtissima
742 1515 958 1578 opinione
985 1514 1041 1560 de
1067 1525 1220 1559 nostra
1253 1523 1380 1558 santa
1411 1512 1723 1576 Compagnia,
1755 1524 1800 1558 et
1825 1529 1891 1558 es-

254 1601 460 1654 pettamo
480 1589 773 1653 col’aggiuto
798 1588 986 1635 d'Iddio
1010 1588 1092 1634 che
1116 1589 1334 1635 douiamo
1359 1607 1381 1634 a
1407 1587 1489 1634 far'
1518 1606 1578 1635 vn
1606 1606 1719 1653 gran
1745 1588 1890 1636 frutto

231 1665 298 1713 cin
318 1675 479 1728 questa
505 1676 642 1711 terra.
668 1663 878 1710 Estiamo
904 1680 982 1726 per
1002 1663 1161 1710 adesso
1187 1663 1231 1709 in
1253 1680 1340 1709 vna
1359 1675 1518 1709 stanza
1542 1663 1890 1720 accommodati,

253 1756 335 1803 per
366 1739 481 1785 insin
515 1756 538 1784 a
569 1739 651 1785 che
685 1739 748 1785 sia
771 1737 984 1784 ordinato
1010 1754 1071 1782 vn
1099 1737 1295 1801 luogho,
1320 1738 1547 1783 chiamato
1582 1738 1676 1785 Sto,
1711 1737 1889 1795 Rocho,

255 1815 398 1861 molto
423 1814 671 1861 commodo
699 1814 932 1877 (dicono)‚
958 1811 1042 1858 col'
1063 1828 1146 1857 suo
1170 1811 1307 1858 horto
1332 1823 1376 1857 et
1400 1812 1578 1858 chiesia.
1607 1812 1759 1858 Siamo
1784 1829 1889 1875 pro-

254 1890 356 1936 uisti
382 1890 440 1936 da
464 1906 544 1935 sua
566 1889 676 1936 Sria.
707 1889 767 1935 da
793 1899 915 1934 tutto
946 1887 1017 1932 cio
1049 1886 1132 1932 che
1164 1885 1407 1932 habbiamo
1432 1886 1478 1932 di
1504 1886 1698 1950 bisogno
1729 1897 1774 1932 et
1803 1903 1890 1933 con

256 1964 396 2010 molta
419 1981 540 2012 cura.
569 1963 694 2010 Hor'
714 1963 866 2010 uedda
893 1964 951 2010 V.
984 1964 1041 2010 R.
1073 1963 1125 2010 P.
1151 1979 1196 2008 se
1222 1962 1467 2009 habbiamo
1492 1963 1539 2010 di
1566 1963 1759 2026 bisogno
1783 1964 1888 2010 dalli

255 2038 481 2101 preghieri
514 2039 557 2084 di
594 2049 763 2084 cotesta
799 2048 926 2083 santa
956 2054 1068 2083 casa.
1103 2036 1225 2083 Ecco
1259 2037 1478 2100 adunque
1509 2037 1583 2083 noi
1617 2037 1781 2083 stiamo
1811 2037 1889 2101 qui

255 2113 524 2176 aspettando
562 2129 691 2159 come
718 2112 909 2158 iumenti
941 2112 1024 2158 che
1059 2111 1193 2158 Iddio
1226 2111 1263 2156 ci
1294 2112 1455 2157 carichi
1490 2111 1534 2158 di
1567 2111 1717 2175 quella
1746 2112 1890 2158 carica

254 2188 337 2234 che
362 2188 422 2251 gli
450 2187 610 2250 piacia,
635 2198 680 2232 et
704 2187 748 2232 in
775 2187 878 2249 qual
907 2186 1045 2233 modo
1070 2187 1131 2250 gli
1161 2186 1322 2249 piacia;
1349 2197 1393 2232 et
1419 2187 1687 2250 preguiamo
1721 2186 1889 2233 humil-

257 2274 421 2319 mente‚
447 2262 529 2308 che
553 2261 590 2307 ci
612 2261 776 2307 mande
795 2261 823 2307 il
848 2278 931 2307 suo
956 2271 1107 2306 santto
1131 2260 1305 2323 spiritu,
1332 2261 1410 2324 qui
1429 2260 1590 2307 doceat
1610 2277 1692 2306 nos
1718 2261 1889 2318 omnia,

255 2349 300 2383 et
335 2347 551 2400 suggerat
593 2336 723 2382 nobis
763 2336 932 2383 omnia.
973 2335 1069 2380 Noi
1111 2335 1338 2398 apriremo
1370 2334 1411 2380 la
1444 2334 1595 2391 bocca,
1621 2352 1751 2381 corne
1792 2334 1888 2382 fece

256 2411 411 2457 l‘asino
442 2411 497 2457 de
530 2410 709 2468 Balam,
741 2421 785 2455 et
810 2420 970 2472 questo
1002 2420 1151 2455 santto
1183 2409 1343 2472 spiritu
1377 2409 1532 2455 alhora
1561 2409 1808 2471 speriamo,
1843 2421 1888 2456 et

257 2544 337 2590 poti
368 2543 596 2589 resignavit,
625 2546 822 2578 reservato
854 2542 926 2577 sibi
959 2552 1175 2588 regressu...
1208 2541 1374 2578 Divitem
1407 2540 1445 2578 S.
1479 2542 1647 2579 Barthol.
1679 2543 1886 2579 Abbatiam

259 2610 365 2641 extra
391 2613 525 2641 muros·
546 2604 742 2640 Ferrariae
769 2604 902 2639 habuit
929 2604 1254 2650 commendatam,
1283 2615 1397 2650 quarn
1429 2604 1467 2640 in
1498 2605 1662 2641 alterum
1694 2616 1740 2641 ex
1771 2605 1885 2642 fratre

258 2674 450 2715 nepotem,
469 2667 706 2713 Anselmum,
724 2667 797 2702 sibi
816 2664 926 2703 valde
944 2667 1183 2710 dissimilem,
1202 2667 1340 2703 deinde
1361 2668 1566 2706 transtulit.
1588 2668 1741 2705 Fratres
1762 2669 1888 2706 Servi-

259 2736 318 2768 tas
339 2742 409 2767 sua
430 2731 668 2777 protectione
689 2731 919 2776 promovit...
937 2730 1201 2776 Decessitque‚
1219 2740 1306 2766 curn
1328 2731 1480 2767 titulum
1501 2731 1539 2768 S.
1557 2731 1738 2768 Marcelli*
1753 2732 1888 2769 fuisset

260 2794 439 2839 adeptus,
463 2789 548 2829 ann'.
575 2801 675 2840 1559
705 2792 826 2838 pridie
853 2793 951 2829 Non.
978 2792 1221 2838 Decembris,
1251 2793 1500 2839 sepultusque
1531 2797 1587 2830 est
1614 2794 1758 2830 Romae
1785 2795 1888 2841 apud

259 2856 298 2892 S.
318 2856 608 2893 Marcellum...»
631 2856 870 2902 UGHELLUS‚
894 2852 921 2893 l.
943 2867 988 2902 c.‚
1011 2860 1036 2892 t.
1059 2864 1099 2902 11,
1121 2856 1192 2892 col.
1216 2856 1306 2902 643,
1327 2856 1415 2900 644.

314 2916 324 2941 ¹
383 2919 456 2956 Ms.
473 2919 558 2954 heic
579 2929 624 2955 ac
643 2918 743 2954 infra
762 2928 820 2954 su.

312 2978 327 3002 2
382 2981 586 3017 Leonellus
605 2980 672 3016 Pio
693 2980 731 3015 di
752 2979 880 3026 Carpi,
901 2980 1112 3026 Rodulphi,
1135 2981 1344 3017 cardinalis
1365 2981 1572 3027 carpensis,
1594 2985 1714 3027 pater,
1736 2982 1775 3018 in
1795 2992 1887 3029 quo-

259 3053 341 3079 rum
358 3044 519 3090 gratiam
540 3044 750 3080 Meldulam
767 3044 861 3079 socii
879 3043 986 3080 missi
1003 3043 1163 3081 fuerant.
1183 3044 1301 3080 Porro
1321 3044 1486 3080 «ibidem
1508 3045 1714 3091 collegium
1731 3045 1887 3092 aliquod

261 3106 433 3142 inchoari
460 3111 540 3142 tam
567 3110 676 3153 pater
699 3106 903 3142 Leonellus
931 3117 1045 3153 quam
1073 3106 1175 3143 filius
1204 3106 1420 3143 Cardinalis
1449 3108 1644 3153 optabat».
1676 3108 1881 3154 POLANCO,

263 3173 289 3208 t.
309 3177 367 3216 VI,
387 3179 474 3217 pag.
496 3180 559 3217 30,
581 3180 615 3207 n.
639 3168 863 3206 80.·Confer
884 3169 1011 3215 etiarn,
1034 3166 1147 3215 ibid„
1168 3180 1255 3217 pag.
1279 3180 1340 3218 72,
1363 3180 1397 3207 n.
1423 3170 1605 3216 224-226.

588 3246 610 3268 O
