<?xml version="1.0" encoding="UTF-8"?>
<!DOCTYPE html PUBLIC "-//W3C//DTD XHTML 1.0 Transitional//EN"
    "http://www.w3.org/TR/xhtml1/DTD/xhtml1-transitional.dtd">
<html xmlns="http://www.w3.org/1999/xhtml" xml:lang="en" lang="en">
 <head>
  <title>
</title>
<meta http-equiv="Content-Type" content="text/html;charset=utf-8" />
  <meta name='ocr-system' content='tesseract 3.04.00' />
  <meta name='ocr-capabilities' content='ocr_page ocr_carea ocr_par ocr_line ocrx_word'/>
</head>
<body>
  <div class='ocr_page' id='page_1' title='image "./epistolaemixtaee05matruoft_0288.png"; bbox 0 0 2014 3528; ppageno 0'>
   <div class='ocr_carea' id='block_1_1' title="bbox 283 306 1345 347">
    <p class='ocr_par' dir='ltr' id='par_1_1' title="bbox 283 306 1345 347">
     <span class='ocr_line' id='line_1_1' title="bbox 283 306 1345 347; baseline -0.002 -1"><span class='ocrx_word' id='word_1_1' title='bbox 283 308 358 347; x_wconf 81' lang='lat'>282</span> <span class='ocrx_word' id='word_1_2' title='bbox 659 318 662 321; x_wconf 91' lang='lat'>·</span> <span class='ocrx_word' id='word_1_3' title='bbox 747 306 983 345; x_wconf 82' lang='lat' dir='ltr'><strong>EPISTOLAE</strong></span> <span class='ocrx_word' id='word_1_4' title='bbox 1014 306 1260 345; x_wconf 73' lang='lat' dir='ltr'>MIXTAE——x</span> <span class='ocrx_word' id='word_1_5' title='bbox 1273 318 1345 345; x_wconf 88' lang='lat'>122</span> 
     </span>
    </p>
   </div>
   <div class='ocr_carea' id='block_1_2' title="bbox 214 411 1876 2566">
    <p class='ocr_par' dir='ltr' id='par_1_2' title="bbox 214 411 1876 2566">
     <span class='ocr_line' id='line_1_2' title="bbox 229 411 1864 477; baseline -0.001 -16"><span class='ocrx_word' id='word_1_6' title='bbox 229 415 383 461; x_wconf 89' lang='lat' dir='ltr'>animo</span> <span class='ocrx_word' id='word_1_7' title='bbox 408 413 525 477; x_wconf 85' lang='lat' dir='ltr'>gerit</span> <span class='ocrx_word' id='word_1_8' title='bbox 550 429 598 459; x_wconf 92' lang='lat' dir='ltr'>ac</span> <span class='ocrx_word' id='word_1_9' title='bbox 626 412 757 459; x_wconf 91' lang='lat' dir='ltr'>vultu</span> <span class='ocrx_word' id='word_1_10' title='bbox 785 430 890 476; x_wconf 90' lang='lat' dir='ltr'>prae</span> <span class='ocrx_word' id='word_1_11' title='bbox 915 430 960 459; x_wconf 89' lang='lat' dir='ltr'>se</span> <span class='ocrx_word' id='word_1_12' title='bbox 985 411 1088 472; x_wconf 91' lang='lat' dir='ltr'>fert,</span> <span class='ocrx_word' id='word_1_13' title='bbox 1113 412 1328 460; x_wconf 90' lang='lat' dir='ltr'>omnibus</span> <span class='ocrx_word' id='word_1_14' title='bbox 1353 413 1713 460; x_wconf 89' lang='lat' dir='ltr'>commendatur.</span> <span class='ocrx_word' id='word_1_15' title='bbox 1743 413 1864 461; x_wconf 88' lang='lat' dir='ltr'>Cha-</span> 
     </span>
     <span class='ocr_line' id='line_1_3' title="bbox 229 486 1866 552; baseline 0 -17"><span class='ocrx_word' id='word_1_16' title='bbox 229 489 431 535; x_wconf 83' lang='lat' dir='ltr'>rissim‘us</span> <span class='ocrx_word' id='word_1_17' title='bbox 457 486 597 533; x_wconf 87' lang='lat' dir='ltr'>frater</span> <span class='ocrx_word' id='word_1_18' title='bbox 623 502 775 533; x_wconf 90' lang='lat' dir='ltr'>noster</span> <span class='ocrx_word' id='word_1_19' title='bbox 807 487 971 534; x_wconf 89' lang='lat' dir='ltr'>Petrus</span> <span class='ocrx_word' id='word_1_20' title='bbox 1002 487 1183 534; x_wconf 89' lang='lat' dir='ltr'>Canalis</span> <span class='ocrx_word' id='word_1_21' title='bbox 1213 487 1285 534; x_wconf 88' lang='lat' dir='ltr'>die</span> <span class='ocrx_word' id='word_1_22' title='bbox 1318 487 1449 534; x_wconf 89' lang='lat' dir='ltr'>lunae</span> <span class='ocrx_word' id='word_1_23' title='bbox 1481 488 1688 551; x_wconf 81' lang='lat' dir='ltr'>proxime</span> <span class='ocrx_word' id='word_1_24' title='bbox 1714 488 1866 552; x_wconf 88' lang='lat' dir='ltr'>elapso</span> 
     </span>
     <span class='ocr_line' id='line_1_4' title="bbox 233 561 1862 626; baseline 0 -17"><span class='ocrx_word' id='word_1_25' title='bbox 233 563 465 626; x_wconf 86' lang='lat' dir='ltr'>(secundis</span> <span class='ocrx_word' id='word_1_26' title='bbox 490 562 681 626; x_wconf 88' lang='lat' dir='ltr'>paschae</span> <span class='ocrx_word' id='word_1_27' title='bbox 706 561 827 608; x_wconf 90' lang='lat' dir='ltr'>feriis</span> <span class='ocrx_word' id='word_1_28' title='bbox 853 562 1063 625; x_wconf 86' lang='lat' dir='ltr'>primitiis</span> <span class='ocrx_word' id='word_1_29' title='bbox 1094 562 1294 608; x_wconf 87' lang='lat' dir='ltr'>sacrificii</span> <span class='ocrx_word' id='word_1_30' title='bbox 1329 563 1431 608; x_wconf 94' lang='lat' dir='ltr'>Deo</span> <span class='ocrx_word' id='word_1_31' title='bbox 1462 562 1649 624; x_wconf 87' lang='lat' dir='ltr'>oblatis)</span> <span class='ocrx_word' id='word_1_32' title='bbox 1679 562 1862 609; x_wconf 86' lang='lat' dir='ltr'>Chaze-</span> 
     </span>
     <span class='ocr_line' id='line_1_5' title="bbox 229 636 1866 700; baseline 0 -17"><span class='ocrx_word' id='word_1_33' title='bbox 229 638 307 683; x_wconf 91' lang='lat' dir='ltr'>llas</span> <span class='ocrx_word' id='word_1_34' title='bbox 330 636 357 694; x_wconf 87' lang='lat'>¹,</span> <span class='ocrx_word' id='word_1_35' title='bbox 385 637 594 700; x_wconf 86' lang='lat' dir='ltr'>patriam,</span> <span class='ocrx_word' id='word_1_36' title='bbox 621 637 665 682; x_wconf 92' lang='lat' dir='ltr'>in</span> <span class='ocrx_word' id='word_1_37' title='bbox 700 639 801 684; x_wconf 76' lang='lat' dir='ltr'>aere</span> <span class='ocrx_word' id='word_1_38' title='bbox 835 637 992 683; x_wconf 88' lang='lat' dir='ltr'>nativo</span> <span class='ocrx_word' id='word_1_39' title='bbox 1026 637 1261 700; x_wconf 79' lang='lat' dir='ltr'>pristinam</span> <span class='ocrx_word' id='word_1_40' title='bbox 1295 636 1604 683; x_wconf 88' lang='lat' dir='ltr'>valetudinem</span> <span class='ocrx_word' id='word_1_41' title='bbox 1632 654 1866 699; x_wconf 85' lang='lat' dir='ltr'>recupera-</span> 
     </span>
     <span class='ocr_line' id='line_1_6' title="bbox 229 711 1866 776; baseline 0 -18"><span class='ocrx_word' id='word_1_42' title='bbox 229 724 374 770; x_wconf 85' lang='lat' dir='ltr'>turus,</span> <span class='ocrx_word' id='word_1_43' title='bbox 409 712 509 776; x_wconf 92' lang='lat' dir='ltr'>qui,</span> <span class='ocrx_word' id='word_1_44' title='bbox 544 728 643 757; x_wconf 88' lang='lat' dir='ltr'>rara</span> <span class='ocrx_word' id='word_1_45' title='bbox 674 712 872 775; x_wconf 85' lang='lat' dir='ltr'>quadam</span> <span class='ocrx_word' id='word_1_46' title='bbox 906 728 1087 757; x_wconf 92' lang='lat' dir='ltr'>morum</span> <span class='ocrx_word' id='word_1_47' title='bbox 1125 711 1347 758; x_wconf 90' lang='lat' dir='ltr'>modestia</span> <span class='ocrx_word' id='word_1_48' title='bbox 1381 712 1591 776; x_wconf 87' lang='lat' dir='ltr'>vitaeque</span> <span class='ocrx_word' id='word_1_49' title='bbox 1624 711 1866 774; x_wconf 87' lang='lat' dir='ltr'>probitate,</span> 
     </span>
     <span class='ocr_line' id='line_1_7' title="bbox 229 787 1866 851; baseline 0 -18"><span class='ocrx_word' id='word_1_50' title='bbox 229 787 413 833; x_wconf 88' lang='lat' dir='ltr'>virtutis</span> <span class='ocrx_word' id='word_1_51' title='bbox 445 787 668 851; x_wconf 84' lang='lat' dir='ltr'>insignem</span> <span class='ocrx_word' id='word_1_52' title='bbox 703 787 1085 833; x_wconf 86' lang='lat' dir='ltr'>existimationem</span> <span class='ocrx_word' id='word_1_53' title='bbox 1109 787 1216 851; x_wconf 89' lang='lat' dir='ltr'>jure</span> <span class='ocrx_word' id='word_1_54' title='bbox 1248 787 1537 833; x_wconf 88' lang='lat' dir='ltr'>meritissimo</span> <span class='ocrx_word' id='word_1_55' title='bbox 1562 787 1754 850; x_wconf 90' lang='lat' dir='ltr'>adeptus</span> <span class='ocrx_word' id='word_1_56' title='bbox 1778 798 1866 844; x_wconf 85' lang='lat' dir='ltr'>est;</span> 
     </span>
     <span class='ocr_line' id='line_1_8' title="bbox 231 862 1866 924; baseline 0 -15"><span class='ocrx_word' id='word_1_57' title='bbox 231 863 368 909; x_wconf 90' lang='lat' dir='ltr'>Pater</span> <span class='ocrx_word' id='word_1_58' title='bbox 392 879 500 909; x_wconf 89' lang='lat' dir='ltr'>vero</span> <span class='ocrx_word' id='word_1_59' title='bbox 528 862 867 924; x_wconf 89' lang='lat' dir='ltr'>Hieronymus,</span> <span class='ocrx_word' id='word_1_60' title='bbox 892 862 1159 909; x_wconf 88' lang='lat' dir='ltr'>muneribus</span> <span class='ocrx_word' id='word_1_61' title='bbox 1180 862 1548 914; x_wconf 84' lang='lat' dir='ltr'>issiodorensium</span> <span class='ocrx_word' id='word_1_62' title='bbox 1569 862 1740 908; x_wconf 88' lang='lat' dir='ltr'>ciuium</span> <span class='ocrx_word' id='word_1_63' title='bbox 1759 879 1866 909; x_wconf 90' lang='lat' dir='ltr'>eum</span> 
     </span>
     <span class='ocr_line' id='line_1_9' title="bbox 229 935 1866 1018; baseline 0 -37"><span class='ocrx_word' id='word_1_64' title='bbox 229 936 442 1018; x_wconf 85' lang='lat' dir='ltr'>prudenti</span> <span class='ocrx_word' id='word_1_65' title='bbox 485 936 740 983; x_wconf 85' lang='lat' dir='ltr'>humilitate</span> <span class='ocrx_word' id='word_1_66' title='bbox 782 935 1009 994; x_wconf 87' lang='lat' dir='ltr'>refutatis,</span> <span class='ocrx_word' id='word_1_67' title='bbox 1054 935 1414 1001; x_wconf 84' lang='lat' dir='ltr'>fragrantissimo</span> <span class='ocrx_word' id='word_1_68' title='bbox 1455 935 1687 982; x_wconf 85' lang='lat' dir='ltr'>Societatis</span> <span class='ocrx_word' id='word_1_69' title='bbox 1724 937 1866 984; x_wconf 90' lang='lat' dir='ltr'>odore</span> 
     </span>
     <span class='ocr_line' id='line_1_10' title="bbox 230 1010 1867 1073; baseline -0.001 -16"><span class='ocrx_word' id='word_1_70' title='bbox 230 1011 274 1057; x_wconf 89' lang='lat' dir='ltr'>in</span> <span class='ocrx_word' id='word_1_71' title='bbox 305 1028 355 1057; x_wconf 89' lang='lat' dir='ltr'>ea</span> <span class='ocrx_word' id='word_1_72' title='bbox 390 1010 499 1056; x_wconf 89' lang='lat' dir='ltr'>vrbe</span> <span class='ocrx_word' id='word_1_73' title='bbox 530 1010 749 1073; x_wconf 88' lang='lat' dir='ltr'>disperso,</span> <span class='ocrx_word' id='word_1_74' title='bbox 794 1010 1157 1067; x_wconf 83' lang='lat' dir='ltr'>Claromontem,</span> <span class='ocrx_word' id='word_1_75' title='bbox 1197 1010 1536 1056; x_wconf 85' lang='lat' dir='ltr'>xenodochium</span> <span class='ocrx_word' id='word_1_76' title='bbox 1576 1010 1741 1055; x_wconf 89' lang='lat' dir='ltr'>iterum</span> <span class='ocrx_word' id='word_1_77' title='bbox 1783 1026 1867 1056; x_wconf 93' lang='lat' dir='ltr'>suo</span> 
     </span>
     <span class='ocr_line' id='line_1_11' title="bbox 230 1084 1864 1142; baseline -0.001 -11"><span class='ocrx_word' id='word_1_78' title='bbox 230 1101 359 1131; x_wconf 91' lang='lat' dir='ltr'>more</span> <span class='ocrx_word' id='word_1_79' title='bbox 384 1084 800 1142; x_wconf 87' lang='lat' dir='ltr'>administraturus,</span> <span class='ocrx_word' id='word_1_80' title='bbox 828 1085 883 1131; x_wconf 91' lang='lat' dir='ltr'>ad</span> <span class='ocrx_word' id='word_1_81' title='bbox 913 1085 1043 1132; x_wconf 90' lang='lat' dir='ltr'>aedes</span> <span class='ocrx_word' id='word_1_82' title='bbox 1068 1084 1242 1132; x_wconf 92' lang='lat' dir='ltr'>domini</span> <span class='ocrx_word' id='word_1_83' title='bbox 1269 1084 1518 1131; x_wconf 88' lang='lat' dir='ltr'>cancellarii</span> <span class='ocrx_word' id='word_1_84' title='bbox 1544 1101 1753 1130; x_wconf 88' lang='lat' dir='ltr'>reuersus</span> <span class='ocrx_word' id='word_1_85' title='bbox 1777 1094 1864 1132; x_wconf 87' lang='lat' dir='ltr'>est:</span> 
     </span>
     <span class='ocr_line' id='line_1_12' title="bbox 229 1158 1869 1224; baseline 0 -19"><span class='ocrx_word' id='word_1_86' title='bbox 229 1160 357 1206; x_wconf 88' lang='lat' dir='ltr'>cuius</span> <span class='ocrx_word' id='word_1_87' title='bbox 389 1159 801 1224; x_wconf 83' lang='lat' dir='ltr'>quadragesimales</span> <span class='ocrx_word' id='word_1_88' title='bbox 842 1160 1080 1206; x_wconf 89' lang='lat' dir='ltr'>conciones</span> <span class='ocrx_word' id='word_1_89' title='bbox 1115 1158 1399 1224; x_wconf 87' lang='lat' dir='ltr'>frequentior</span> <span class='ocrx_word' id='word_1_90' title='bbox 1436 1158 1702 1205; x_wconf 85' lang='lat' dir='ltr'>auditorum</span> <span class='ocrx_word' id='word_1_91' title='bbox 1734 1158 1869 1205; x_wconf 87' lang='lat' dir='ltr'>turba</span> 
     </span>
     <span class='ocr_line' id='line_1_13' title="bbox 229 1232 1869 1299; baseline -0.002 -17"><span class='ocrx_word' id='word_1_92' title='bbox 229 1235 486 1292; x_wconf 84' lang='lat' dir='ltr'>exornauit‚</span> <span class='ocrx_word' id='word_1_93' title='bbox 514 1252 652 1299; x_wconf 89' lang='lat' dir='ltr'>quam</span> <span class='ocrx_word' id='word_1_94' title='bbox 680 1235 813 1281; x_wconf 89' lang='lat' dir='ltr'>ullius</span> <span class='ocrx_word' id='word_1_95' title='bbox 837 1235 1018 1281; x_wconf 90' lang='lat' dir='ltr'>alterius</span> <span class='ocrx_word' id='word_1_96' title='bbox 1042 1235 1319 1281; x_wconf 85' lang='lat' dir='ltr'>ecclesiastae</span> <span class='ocrx_word' id='word_1_97' title='bbox 1344 1233 1472 1280; x_wconf 87' lang='lat' dir='ltr'>annis</span> <span class='ocrx_word' id='word_1_98' title='bbox 1497 1233 1683 1279; x_wconf 90' lang='lat' dir='ltr'>antehac</span> <span class='ocrx_word' id='word_1_99' title='bbox 1707 1232 1869 1298; x_wconf 88' lang='lat' dir='ltr'>viginti</span> 
     </span>
     <span class='ocr_line' id='line_1_14' title="bbox 233 1307 1872 1374; baseline -0.002 -18"><span class='ocrx_word' id='word_1_100' title='bbox 233 1322 446 1374; x_wconf 90' lang='lat' dir='ltr'>quatuor.</span> <span class='ocrx_word' id='word_1_101' title='bbox 479 1310 640 1356; x_wconf 90' lang='lat' dir='ltr'>Rmus.</span> <span class='ocrx_word' id='word_1_102' title='bbox 668 1310 883 1355; x_wconf 90' lang='lat' dir='ltr'>dominus</span> <span class='ocrx_word' id='word_1_103' title='bbox 904 1308 933 1367; x_wconf 80' lang='lat'>²,</span> <span class='ocrx_word' id='word_1_104' title='bbox 960 1325 1020 1355; x_wconf 88' lang='lat' dir='ltr'>ex</span> <span class='ocrx_word' id='word_1_105' title='bbox 1051 1326 1101 1355; x_wconf 86' lang='lat' dir='ltr'>ea</span> <span class='ocrx_word' id='word_1_106' title='bbox 1136 1308 1247 1354; x_wconf 89' lang='lat' dir='ltr'>vrbe</span> <span class='ocrx_word' id='word_1_107' title='bbox 1276 1308 1516 1366; x_wconf 89' lang='lat' dir='ltr'>oriundus,</span> <span class='ocrx_word' id='word_1_108' title='bbox 1541 1307 1872 1354; x_wconf 88' lang='lat' dir='ltr'>instantissimis</span> 
     </span>
     <span class='ocr_line' id='line_1_15' title="bbox 232 1382 1872 1447; baseline -0.002 -17"><span class='ocrx_word' id='word_1_109' title='bbox 232 1384 404 1431; x_wconf 91' lang='lat' dir='ltr'>ciuium</span> <span class='ocrx_word' id='word_1_110' title='bbox 438 1383 650 1447; x_wconf 85' lang='lat' dir='ltr'>precibus</span> <span class='ocrx_word' id='word_1_111' title='bbox 686 1384 851 1442; x_wconf 91' lang='lat' dir='ltr'>victus,</span> <span class='ocrx_word' id='word_1_112' title='bbox 885 1384 1098 1446; x_wconf 88' lang='lat' dir='ltr'>proximo</span> <span class='ocrx_word' id='word_1_113' title='bbox 1132 1382 1360 1441; x_wconf 87' lang='lat' dir='ltr'>aduentu,</span> <span class='ocrx_word' id='word_1_114' title='bbox 1395 1382 1645 1447; x_wconf 89' lang='lat' dir='ltr'>itidemque</span> <span class='ocrx_word' id='word_1_115' title='bbox 1676 1382 1872 1446; x_wconf 88' lang='lat' dir='ltr'>quadra-</span> 
     </span>
     <span class='ocr_line' id='line_1_16' title="bbox 231 1452 1871 1522; baseline 0 -19"><span class='ocrx_word' id='word_1_116' title='bbox 231 1458 402 1522; x_wconf 86' lang='lat' dir='ltr'>gesima</span> <span class='ocrx_word' id='word_1_117' title='bbox 443 1474 515 1503; x_wconf 92' lang='lat' dir='ltr'>me</span> <span class='ocrx_word' id='word_1_118' title='bbox 555 1457 929 1504; x_wconf 89' lang='lat' dir='ltr'>issiodorensibus</span> <span class='ocrx_word' id='word_1_119' title='bbox 966 1457 1263 1504; x_wconf 89' lang='lat' dir='ltr'>ecclesiastem</span> <span class='ocrx_word' id='word_1_120' title='bbox 1298 1452 1568 1521; x_wconf 82' lang='lat' dir='ltr'>designauit.</span> <span class='ocrx_word' id='word_1_121' title='bbox 1601 1457 1871 1521; x_wconf 72' lang='lat' dir='ltr'>Quadrage-</span> 
     </span>
     <span class='ocr_line' id='line_1_17' title="bbox 215 1531 1872 1595; baseline 0.001 -19"><span class='ocrx_word' id='word_1_122' title='bbox 215 1533 393 1579; x_wconf 77' lang='lat' dir='ltr'>‚simam</span> <span class='ocrx_word' id='word_1_123' title='bbox 434 1532 746 1595; x_wconf 87' lang='lat' dir='ltr'>praeteritam,</span> <span class='ocrx_word' id='word_1_124' title='bbox 785 1533 868 1579; x_wconf 92' lang='lat' dir='ltr'>hac</span> <span class='ocrx_word' id='word_1_125' title='bbox 911 1533 1132 1579; x_wconf 88' lang='lat' dir='ltr'>methodo</span> <span class='ocrx_word' id='word_1_126' title='bbox 1178 1532 1222 1578; x_wconf 92' lang='lat' dir='ltr'>in</span> <span class='ocrx_word' id='word_1_127' title='bbox 1263 1531 1560 1579; x_wconf 89' lang='lat' dir='ltr'>concionibus</span> <span class='ocrx_word' id='word_1_128' title='bbox 1600 1532 1710 1578; x_wconf 91' lang='lat' dir='ltr'>meis</span> <span class='ocrx_word' id='word_1_129' title='bbox 1749 1548 1872 1591; x_wconf 90' lang='lat' dir='ltr'>vsus,</span> 
     </span>
     <span class='ocr_line' id='line_1_18' title="bbox 232 1606 1870 1671; baseline -0.001 -17"><span class='ocrx_word' id='word_1_130' title='bbox 232 1619 297 1665; x_wconf 92' lang='lat' dir='ltr'>vt,</span> <span class='ocrx_word' id='word_1_131' title='bbox 324 1607 537 1653; x_wconf 86' lang='lat' dir='ltr'>thematis</span> <span class='ocrx_word' id='word_1_132' title='bbox 565 1606 680 1665; x_wconf 90' lang='lat' dir='ltr'>loco,</span> <span class='ocrx_word' id='word_1_133' title='bbox 707 1607 1050 1654; x_wconf 89' lang='lat' dir='ltr'>lamentationes</span> <span class='ocrx_word' id='word_1_134' title='bbox 1077 1607 1320 1668; x_wconf 89' lang='lat' dir='ltr'>Jeremiae,</span> <span class='ocrx_word' id='word_1_135' title='bbox 1342 1619 1478 1671; x_wconf 88' lang='lat' dir='ltr'>atque</span> <span class='ocrx_word' id='word_1_136' title='bbox 1503 1607 1616 1653; x_wconf 90' lang='lat' dir='ltr'>adeo</span> <span class='ocrx_word' id='word_1_137' title='bbox 1641 1606 1870 1670; x_wconf 90' lang='lat' dir='ltr'>psalmum</span> 
     </span>
     <span class='ocr_line' id='line_1_19' title="bbox 233 1681 1870 1745; baseline -0.001 -16"><span class='ocrx_word' id='word_1_138' title='bbox 233 1682 500 1730; x_wconf 91' lang='lat' dir='ltr'>dauidicum</span> <span class='ocrx_word' id='word_1_139' title='bbox 545 1694 648 1745; x_wconf 88' lang='lat' dir='ltr'>post</span> <span class='ocrx_word' id='word_1_140' title='bbox 681 1682 981 1729; x_wconf 85' lang='lat' dir='ltr'>centesimum</span> <span class='ocrx_word' id='word_1_141' title='bbox 1015 1682 1245 1729; x_wconf 88' lang='lat' dir='ltr'>decimum</span> <span class='ocrx_word' id='word_1_142' title='bbox 1277 1695 1511 1740; x_wconf 90' lang='lat' dir='ltr'>octauum,</span> <span class='ocrx_word' id='word_1_143' title='bbox 1534 1682 1662 1728; x_wconf 90' lang='lat' dir='ltr'>cuius</span> <span class='ocrx_word' id='word_1_144' title='bbox 1688 1681 1870 1727; x_wconf 87' lang='lat' dir='ltr'>initium</span> 
     </span>
     <span class='ocr_line' id='line_1_20' title="bbox 234 1755 1871 1820; baseline 0 -17"><span class='ocrx_word' id='word_1_145' title='bbox 234 1757 359 1803; x_wconf 89' lang='lat' dir='ltr'>Beati</span> <span class='ocrx_word' id='word_1_146' title='bbox 380 1756 658 1803; x_wconf 91' lang='lat' dir='ltr'>immaculati</span> <span class='ocrx_word' id='word_1_147' title='bbox 686 1757 730 1803; x_wconf 92' lang='lat' dir='ltr'>in</span> <span class='ocrx_word' id='word_1_148' title='bbox 753 1757 838 1814; x_wconf 89' lang='lat' dir='ltr'>via,</span> <span class='ocrx_word' id='word_1_149' title='bbox 864 1757 1153 1820; x_wconf 82' lang='lat' dir='ltr'>sumpserim3</span> <span class='ocrx_word' id='word_1_150' title='bbox 1174 1757 1278 1803; x_wconf 92' lang='lat' dir='ltr'>hinc</span> <span class='ocrx_word' id='word_1_151' title='bbox 1306 1774 1415 1803; x_wconf 90' lang='lat' dir='ltr'>mox</span> <span class='ocrx_word' id='word_1_152' title='bbox 1433 1756 1689 1820; x_wconf 88' lang='lat' dir='ltr'>epistolam,</span> <span class='ocrx_word' id='word_1_153' title='bbox 1713 1755 1871 1803; x_wconf 88' lang='lat' dir='ltr'>missae</span> 
     </span>
     <span class='ocr_line' id='line_1_21' title="bbox 233 1831 1872 1914; baseline -0.001 -36"><span class='ocrx_word' id='word_1_154' title='bbox 233 1832 318 1878; x_wconf 87' lang='lat' dir='ltr'>diei</span> <span class='ocrx_word' id='word_1_155' title='bbox 344 1832 753 1889; x_wconf 85' lang='lat' dir='ltr'>accommodatam,</span> <span class='ocrx_word' id='word_1_156' title='bbox 781 1832 1098 1914; x_wconf 81' lang='lat' dir='ltr'>explicandam</span> <span class='ocrx_word' id='word_1_157' title='bbox 1126 1832 1458 1889; x_wconf 87' lang='lat' dir='ltr'>subiunxerim,</span> <span class='ocrx_word' id='word_1_158' title='bbox 1480 1831 1677 1896; x_wconf 90' lang='lat' dir='ltr'>denique</span> <span class='ocrx_word' id='word_1_159' title='bbox 1703 1831 1872 1895; x_wconf 89' lang='lat' dir='ltr'>praeci-</span> 
     </span>
     <span class='ocr_line' id='line_1_22' title="bbox 234 1906 1873 1971; baseline -0.001 -19"><span class='ocrx_word' id='word_1_160' title='bbox 234 1923 416 1971; x_wconf 88' lang='lat' dir='ltr'>pueque</span> <span class='ocrx_word' id='word_1_161' title='bbox 441 1906 730 1970; x_wconf 88' lang='lat' dir='ltr'>evangelium</span> <span class='ocrx_word' id='word_1_162' title='bbox 758 1907 1064 1953; x_wconf 88' lang='lat' dir='ltr'>enarrauerim</span> <span class='ocrx_word' id='word_1_163' title='bbox 1095 1907 1234 1971; x_wconf 85' lang='lat' dir='ltr'>(quae</span> <span class='ocrx_word' id='word_1_164' title='bbox 1259 1907 1444 1971; x_wconf 91' lang='lat' dir='ltr'>quidem</span> <span class='ocrx_word' id='word_1_165' title='bbox 1478 1906 1740 1965; x_wconf 89' lang='lat' dir='ltr'>methodus,</span> <span class='ocrx_word' id='word_1_166' title='bbox 1767 1922 1873 1951; x_wconf 91' lang='lat' dir='ltr'>cum</span> 
     </span>
     <span class='ocr_line' id='line_1_23' title="bbox 233 1980 1873 2062; baseline -0.001 -35"><span class='ocrx_word' id='word_1_167' title='bbox 233 1994 616 2062; x_wconf 82' lang='lat' dir='ltr'>argumentorum</span> <span class='ocrx_word' id='word_1_168' title='bbox 642 1981 772 2044; x_wconf 89' lang='lat' dir='ltr'>copia</span> <span class='ocrx_word' id='word_1_169' title='bbox 796 1982 1053 2040; x_wconf 88' lang='lat' dir='ltr'>coniuncta,</span> <span class='ocrx_word' id='word_1_170' title='bbox 1087 1981 1412 2028; x_wconf 87' lang='lat' dir='ltr'>eruditioribus</span> <span class='ocrx_word' id='word_1_171' title='bbox 1446 1981 1631 2027; x_wconf 87' lang='lat' dir='ltr'>mirifice</span> <span class='ocrx_word' id='word_1_172' title='bbox 1664 1980 1873 2044; x_wconf 86' lang='lat' dir='ltr'>placuit),</span> 
     </span>
     <span class='ocr_line' id='line_1_24' title="bbox 233 2054 1875 2118; baseline 0 -16"><span class='ocrx_word' id='word_1_173' title='bbox 233 2072 339 2102; x_wconf 91' lang='lat' dir='ltr'>cum</span> <span class='ocrx_word' id='word_1_174' title='bbox 366 2054 518 2114; x_wconf 89' lang='lat' dir='ltr'>fructu</span> <span class='ocrx_word' id='word_1_175' title='bbox 544 2056 803 2101; x_wconf 87' lang='lat' dir='ltr'>animorum</span> <span class='ocrx_word' id='word_1_176' title='bbox 829 2055 952 2102; x_wconf 90' lang='lat' dir='ltr'>haud</span> <span class='ocrx_word' id='word_1_177' title='bbox 990 2056 1281 2118; x_wconf 89' lang='lat' dir='ltr'>poenitendo,</span> <span class='ocrx_word' id='word_1_178' title='bbox 1316 2068 1361 2102; x_wconf 92' lang='lat' dir='ltr'>et</span> <span class='ocrx_word' id='word_1_179' title='bbox 1395 2056 1663 2102; x_wconf 89' lang='lat' dir='ltr'>admiranda</span> <span class='ocrx_word' id='word_1_180' title='bbox 1694 2056 1875 2102; x_wconf 84' lang='lat' dir='ltr'>audito-</span> 
     </span>
     <span class='ocr_line' id='line_1_25' title="bbox 235 2128 1875 2194; baseline 0.001 -19"><span class='ocrx_word' id='word_1_181' title='bbox 235 2146 339 2175; x_wconf 90' lang='lat' dir='ltr'>rum</span> <span class='ocrx_word' id='word_1_182' title='bbox 371 2128 642 2193; x_wconf 87' lang='lat' dir='ltr'>frequentia,</span> <span class='ocrx_word' id='word_1_183' title='bbox 676 2129 859 2176; x_wconf 87' lang='lat' dir='ltr'>Christo</span> <span class='ocrx_word' id='word_1_184' title='bbox 891 2130 1022 2188; x_wconf 90' lang='lat' dir='ltr'>duce,</span> <span class='ocrx_word' id='word_1_185' title='bbox 1057 2130 1238 2176; x_wconf 89' lang='lat' dir='ltr'>Biliomi</span> <span class='ocrx_word' id='word_1_186' title='bbox 1273 2130 1424 2194; x_wconf 86' lang='lat' dir='ltr'>peregi</span> <span class='ocrx_word' id='word_1_187' title='bbox 1447 2129 1474 2176; x_wconf 85' lang='lat'>³.</span> <span class='ocrx_word' id='word_1_188' title='bbox 1509 2129 1588 2177; x_wconf 85' lang='lat' dir='ltr'>Ad</span> <span class='ocrx_word' id='word_1_189' title='bbox 1620 2130 1875 2184; x_wconf 87' lang='lat' dir='ltr'>dominicae</span> 
     </span>
     <span class='ocr_line' id='line_1_26' title="bbox 214 2203 1876 2268; baseline -0.002 -16"><span class='ocrx_word' id='word_1_190' title='bbox 214 2204 453 2268; x_wconf 73' lang='lat' dir='ltr'>‚passionis</span> <span class='ocrx_word' id='word_1_191' title='bbox 479 2204 828 2263; x_wconf 89' lang='lat' dir='ltr'>enarrationem,</span> <span class='ocrx_word' id='word_1_192' title='bbox 855 2204 1073 2268; x_wconf 90' lang='lat' dir='ltr'>quinque,</span> <span class='ocrx_word' id='word_1_193' title='bbox 1100 2217 1150 2251; x_wconf 91' lang='lat' dir='ltr'>vt</span> <span class='ocrx_word' id='word_1_194' title='bbox 1182 2205 1442 2261; x_wconf 91' lang='lat' dir='ltr'>minimum,</span> <span class='ocrx_word' id='word_1_195' title='bbox 1467 2203 1711 2251; x_wconf 89' lang='lat' dir='ltr'>hominum</span> <span class='ocrx_word' id='word_1_196' title='bbox 1738 2203 1876 2250; x_wconf 91' lang='lat' dir='ltr'>millia</span> 
     </span>
     <span class='ocr_line' id='line_1_27' title="bbox 235 2277 1876 2342; baseline -0.001 -18"><span class='ocrx_word' id='word_1_197' title='bbox 235 2278 507 2325; x_wconf 90' lang='lat' dir='ltr'>confluxisse</span> <span class='ocrx_word' id='word_1_198' title='bbox 539 2277 771 2335; x_wconf 90' lang='lat' dir='ltr'>feruntur;</span> <span class='ocrx_word' id='word_1_199' title='bbox 809 2279 931 2325; x_wconf 91' lang='lat' dir='ltr'>haud</span> <span class='ocrx_word' id='word_1_200' title='bbox 965 2279 1095 2342; x_wconf 88' lang='lat' dir='ltr'>pauci</span> <span class='ocrx_word' id='word_1_201' title='bbox 1127 2295 1205 2325; x_wconf 88' lang='lat' dir='ltr'>sex</span> <span class='ocrx_word' id='word_1_202' title='bbox 1240 2278 1380 2325; x_wconf 90' lang='lat' dir='ltr'>millia</span> <span class='ocrx_word' id='word_1_203' title='bbox 1414 2295 1653 2326; x_wconf 86' lang='lat' dir='ltr'>numerare</span> <span class='ocrx_word' id='word_1_204' title='bbox 1689 2278 1876 2324; x_wconf 87' lang='lat' dir='ltr'>minime</span> 
     </span>
     <span class='ocr_line' id='line_1_28' title="bbox 235 2352 1875 2417; baseline -0.001 -18"><span class='ocrx_word' id='word_1_205' title='bbox 235 2354 463 2400; x_wconf 90' lang='lat' dir='ltr'>dubitant.</span> <span class='ocrx_word' id='word_1_206' title='bbox 507 2353 621 2400; x_wconf 93' lang='lat' dir='ltr'>Non</span> <span class='ocrx_word' id='word_1_207' title='bbox 656 2354 785 2417; x_wconf 89' lang='lat' dir='ltr'>pauci</span> <span class='ocrx_word' id='word_1_208' title='bbox 817 2354 1054 2417; x_wconf 86' lang='lat' dir='ltr'>Vtriusque</span> <span class='ocrx_word' id='word_1_209' title='bbox 1085 2370 1219 2400; x_wconf 89' lang='lat' dir='ltr'>sexus</span> <span class='ocrx_word' id='word_1_210' title='bbox 1251 2353 1424 2400; x_wconf 89' lang='lat' dir='ltr'>nobiles</span> <span class='ocrx_word' id='word_1_211' title='bbox 1453 2370 1505 2399; x_wconf 87' lang='lat' dir='ltr'>ea</span> <span class='ocrx_word' id='word_1_212' title='bbox 1543 2363 1676 2399; x_wconf 89' lang='lat' dir='ltr'>nocte</span> <span class='ocrx_word' id='word_1_213' title='bbox 1715 2352 1761 2398; x_wconf 90' lang='lat' dir='ltr'>in</span> <span class='ocrx_word' id='word_1_214' title='bbox 1792 2352 1875 2398; x_wconf 89' lang='lat' dir='ltr'>hac</span> 
     </span>
     <span class='ocr_line' id='line_1_29' title="bbox 237 2427 1876 2492; baseline -0.001 -19"><span class='ocrx_word' id='word_1_215' title='bbox 237 2429 350 2475; x_wconf 91' lang='lat' dir='ltr'>vrbe</span> <span class='ocrx_word' id='word_1_216' title='bbox 375 2427 605 2475; x_wconf 90' lang='lat' dir='ltr'>concionis</span> <span class='ocrx_word' id='word_1_217' title='bbox 636 2429 781 2492; x_wconf 85' lang='lat' dir='ltr'>gratia</span> <span class='ocrx_word' id='word_1_218' title='bbox 812 2439 1155 2492; x_wconf 90' lang='lat' dir='ltr'>pernoctarunt.</span> <span class='ocrx_word' id='word_1_219' title='bbox 1188 2428 1325 2474; x_wconf 88' lang='lat' dir='ltr'>Certe</span> <span class='ocrx_word' id='word_1_220' title='bbox 1356 2428 1610 2489; x_wconf 88' lang='lat' dir='ltr'>lachrymae</span> <span class='ocrx_word' id='word_1_221' title='bbox 1641 2438 1777 2490; x_wconf 89' lang='lat' dir='ltr'>atque</span> <span class='ocrx_word' id='word_1_222' title='bbox 1801 2442 1876 2471; x_wconf 90' lang='lat' dir='ltr'>su-</span> 
     </span>
     <span class='ocr_line' id='line_1_30' title="bbox 236 2501 1876 2566; baseline -0.002 -17"><span class='ocrx_word' id='word_1_223' title='bbox 236 2503 373 2566; x_wconf 89' lang='lat' dir='ltr'>spiria</span> <span class='ocrx_word' id='word_1_224' title='bbox 405 2503 638 2549; x_wconf 89' lang='lat' dir='ltr'>internum</span> <span class='ocrx_word' id='word_1_225' title='bbox 670 2503 808 2549; x_wconf 87' lang='lat' dir='ltr'>animi</span> <span class='ocrx_word' id='word_1_226' title='bbox 841 2502 1057 2549; x_wconf 90' lang='lat' dir='ltr'>affectum</span> <span class='ocrx_word' id='word_1_227' title='bbox 1090 2502 1347 2566; x_wconf 83' lang='lat' dir='ltr'>prodebant</span> <span class='ocrx_word' id='word_1_228' title='bbox 1374 2501 1536 2565; x_wconf 90' lang='lat' dir='ltr'>palam.</span> <span class='ocrx_word' id='word_1_229' title='bbox 1564 2501 1876 2547; x_wconf 84' lang='lat' dir='ltr'>Poenitentiae</span> 
     </span>
    </p>
   </div>
   <div class='ocr_carea' id='block_1_3' title="bbox 237 2656 1876 3215">
    <p class='ocr_par' dir='ltr' id='par_1_3' title="bbox 237 2656 1876 2894">
     <span class='ocr_line' id='line_1_31' title="bbox 291 2656 1874 2716; baseline -0.003 -10"><span class='ocrx_word' id='word_1_230' title='bbox 291 2668 302 2693; x_wconf 92' lang='lat'><strong>¹</strong></span> <span class='ocrx_word' id='word_1_231' title='bbox 362 2670 575 2707; x_wconf 87' lang='lat' dir='ltr'>Chazelles.</span> <span class='ocrx_word' id='word_1_232' title='bbox 593 2668 694 2715; x_wconf 87' lang='lat' dir='ltr'>Lege</span> <span class='ocrx_word' id='word_1_233' title='bbox 712 2679 733 2705; x_wconf 90' lang='lat' dir='ltr'>a</span> <span class='ocrx_word' id='word_1_234' title='bbox 749 2669 861 2706; x_wconf 90' lang='lat' dir='ltr'>nobis</span> <span class='ocrx_word' id='word_1_235' title='bbox 879 2669 981 2706; x_wconf 84' lang='lat' dir='ltr'>dicta</span> <span class='ocrx_word' id='word_1_236' title='bbox 998 2669 1037 2705; x_wconf 92' lang='lat' dir='ltr'>in</span> <span class='ocrx_word' id='word_1_237' title='bbox 1053 2665 1149 2706; x_wconf 74' lang='lat' dir='ltr'>Litt.</span> <span class='ocrx_word' id='word_1_238' title='bbox 1170 2656 1349 2716; x_wconf 55' lang='lat' dir='ltr'>Quadin,</span> <span class='ocrx_word' id='word_1_239' title='bbox 1367 2672 1394 2706; x_wconf 90' lang='lat' dir='ltr'>t.</span> <span class='ocrx_word' id='word_1_240' title='bbox 1411 2676 1467 2714; x_wconf 86' lang='lat' dir='ltr'>IV,</span> <span class='ocrx_word' id='word_1_241' title='bbox 1483 2678 1567 2714; x_wconf 87' lang='lat' dir='ltr'>pag.</span> <span class='ocrx_word' id='word_1_242' title='bbox 1587 2677 1678 2714; x_wconf 87' lang='lat'>339,</span> <span class='ocrx_word' id='word_1_243' title='bbox 1695 2670 1822 2703; x_wconf 89' lang='lat' dir='ltr'>annot.</span> <span class='ocrx_word' id='word_1_244' title='bbox 1838 2677 1874 2713; x_wconf 89' lang='lat'>3,</span> 
     </span>
     <span class='ocr_line' id='line_1_32' title="bbox 237 2728 1873 2779; baseline -0.002 -10"><span class='ocrx_word' id='word_1_245' title='bbox 237 2734 301 2769; x_wconf 90' lang='lat' dir='ltr'>ubi</span> <span class='ocrx_word' id='word_1_246' title='bbox 324 2734 577 2779; x_wconf 85' lang='lat' dir='ltr'>expendimus</span> <span class='ocrx_word' id='word_1_247' title='bbox 598 2733 645 2767; x_wconf 90' lang='lat' dir='ltr'>de</span> <span class='ocrx_word' id='word_1_248' title='bbox 665 2742 741 2778; x_wconf 89' lang='lat' dir='ltr'>quo</span> <span class='ocrx_word' id='word_1_249' title='bbox 763 2733 908 2778; x_wconf 79' lang='lat' dir='ltr'>oppido</span> <span class='ocrx_word' id='word_1_250' title='bbox 927 2733 1053 2778; x_wconf 85' lang='lat' dir='ltr'>(plura</span> <span class='ocrx_word' id='word_1_251' title='bbox 1070 2731 1169 2767; x_wconf 88' lang='lat' dir='ltr'>enim</span> <span class='ocrx_word' id='word_1_252' title='bbox 1193 2731 1265 2766; x_wconf 84' lang='lat' dir='ltr'>hoc</span> <span class='ocrx_word' id='word_1_253' title='bbox 1287 2731 1440 2766; x_wconf 89' lang='lat' dir='ltr'>nomine</span> <span class='ocrx_word' id='word_1_254' title='bbox 1458 2728 1730 2778; x_wconf 81' lang='lat' dir='ltr'>appellantur),</span> <span class='ocrx_word' id='word_1_255' title='bbox 1748 2739 1873 2765; x_wconf 87' lang='lat' dir='ltr'>sermo</span> 
     </span>
     <span class='ocr_line' id='line_1_33' title="bbox 237 2793 1876 2842; baseline -0.001 -11"><span class='ocrx_word' id='word_1_256' title='bbox 237 2796 477 2842; x_wconf 86' lang='lat' dir='ltr'>probabilius</span> <span class='ocrx_word' id='word_1_257' title='bbox 508 2794 842 2831; x_wconf 80' lang='lat' dir='ltr'>sit.-Caeterum</span> <span class='ocrx_word' id='word_1_258' title='bbox 875 2795 996 2840; x_wconf 84' lang='lat' dir='ltr'>ipsius</span> <span class='ocrx_word' id='word_1_259' title='bbox 1030 2793 1130 2831; x_wconf 81' lang='lat' dir='ltr'>Petri</span> <span class='ocrx_word' id='word_1_260' title='bbox 1159 2793 1314 2830; x_wconf 86' lang='lat' dir='ltr'>Canalis</span> <span class='ocrx_word' id='word_1_261' title='bbox 1348 2794 1528 2839; x_wconf 87' lang='lat' dir='ltr'>epistola,</span> <span class='ocrx_word' id='word_1_262' title='bbox 1557 2793 1674 2839; x_wconf 85' lang='lat' dir='ltr'>infra,</span> <span class='ocrx_word' id='word_1_263' title='bbox 1707 2804 1742 2830; x_wconf 93' lang='lat' dir='ltr'>n.</span> <span class='ocrx_word' id='word_1_264' title='bbox 1774 2803 1876 2840; x_wconf 88' lang='lat'>1134</span> 
     </span>
     <span class='ocr_line' id='line_1_34' title="bbox 241 2859 377 2894; baseline -0.007 0"><span class='ocrx_word' id='word_1_265' title='bbox 241 2859 377 2894; x_wconf 88' lang='lat' dir='ltr'>editur.</span> 
     </span>
    </p>

    <p class='ocr_par' dir='ltr' id='par_1_4' title="bbox 240 2916 1875 3094">
     <span class='ocr_line' id='line_1_35' title="bbox 293 2916 1875 2963; baseline -0.001 -9"><span class='ocrx_word' id='word_1_266' title='bbox 293 2920 307 2941; x_wconf 69' lang='lat'>2</span> <span class='ocrx_word' id='word_1_267' title='bbox 366 2919 580 2955; x_wconf 87' lang='lat' dir='ltr'>Gulielmus</span> <span class='ocrx_word' id='word_1_268' title='bbox 610 2918 658 2954; x_wconf 88' lang='lat' dir='ltr'>du</span> <span class='ocrx_word' id='word_1_269' title='bbox 686 2917 793 2962; x_wconf 81' lang='lat' dir='ltr'>Prat,</span> <span class='ocrx_word' id='word_1_270' title='bbox 824 2918 1138 2958; x_wconf 83' lang='lat' dir='ltr'>claromontanus</span> <span class='ocrx_word' id='word_1_271' title='bbox 1166 2916 1326 2952; x_wconf 84' lang='lat' dir='ltr'>antistes</span> <span class='ocrx_word' id='word_1_272' title='bbox 1353 2916 1703 2963; x_wconf 85' lang='lat' dir='ltr'>praeclarissimus,</span> <span class='ocrx_word' id='word_1_273' title='bbox 1727 2917 1773 2952; x_wconf 92' lang='lat' dir='ltr'>de</span> <span class='ocrx_word' id='word_1_274' title='bbox 1800 2926 1875 2962; x_wconf 90' lang='lat' dir='ltr'>quo</span> 
     </span>
     <span class='ocr_line' id='line_1_36' title="bbox 241 2975 1875 3029; baseline -0.001 -11"><span class='ocrx_word' id='word_1_275' title='bbox 241 2982 386 3029; x_wconf 84' lang='lat' dir='ltr'>passim</span> <span class='ocrx_word' id='word_1_276' title='bbox 408 2982 446 3016; x_wconf 88' lang='lat' dir='ltr'>in</span> <span class='ocrx_word' id='word_1_277' title='bbox 466 2981 526 3016; x_wconf 85' lang='lat' dir='ltr'>his</span> <span class='ocrx_word' id='word_1_278' title='bbox 549 2988 849 3026; x_wconf 64' lang='lat' dir='ltr'>MONUMENUS,</span> <span class='ocrx_word' id='word_1_279' title='bbox 871 2980 940 3016; x_wconf 71' lang='lat' dir='ltr'>ubi·</span> <span class='ocrx_word' id='word_1_280' title='bbox 957 2990 1082 3016; x_wconf 84' lang='lat' dir='ltr'>sermo</span> <span class='ocrx_word' id='word_1_281' title='bbox 1105 2980 1152 3016; x_wconf 85' lang='lat' dir='ltr'>de</span> <span class='ocrx_word' id='word_1_282' title='bbox 1175 2979 1302 3016; x_wconf 85' lang='lat' dir='ltr'>Gallia</span> <span class='ocrx_word' id='word_1_283' title='bbox 1323 2984 1397 3026; x_wconf 88' lang='lat' dir='ltr'>est,</span> <span class='ocrx_word' id='word_1_284' title='bbox 1420 2983 1455 3015; x_wconf 89' lang='lat' dir='ltr'>et</span> <span class='ocrx_word' id='word_1_285' title='bbox 1476 2980 1515 3015; x_wconf 91' lang='lat' dir='ltr'>in</span> <span class='ocrx_word' id='word_1_286' title='bbox 1538 2977 1697 3018; x_wconf 76' lang='lat' dir='ltr'>cartas</span> <span class='ocrx_word' id='word_1_287' title='bbox 1717 2976 1768 3016; x_wconf 86' lang='lat' dir='ltr'>de</span> <span class='ocrx_word' id='word_1_288' title='bbox 1787 2975 1875 3017; x_wconf 80' lang='lat' dir='ltr'>San</span> 
     </span>
     <span class='ocr_line' id='line_1_37' title="bbox 240 3041 663 3094; baseline -0.007 -13"><span class='ocrx_word' id='word_1_289' title='bbox 240 3041 431 3094; x_wconf 67' lang='lat' dir='ltr'>lgnano,</span> <span class='ocrx_word' id='word_1_290' title='bbox 457 3048 482 3079; x_wconf 89' lang='lat' dir='ltr'>t.</span> <span class='ocrx_word' id='word_1_291' title='bbox 503 3052 532 3079; x_wconf 91' lang='lat' dir='ltr'>v</span> <span class='ocrx_word' id='word_1_292' title='bbox 554 3047 590 3079; x_wconf 92' lang='lat' dir='ltr'>et</span> <span class='ocrx_word' id='word_1_293' title='bbox 607 3050 663 3079; x_wconf 89' lang='lat' dir='ltr'>v1</span> 
     </span>
    </p>

    <p class='ocr_par' dir='ltr' id='par_1_5' title="bbox 245 3102 1876 3215">
     <span class='ocr_line' id='line_1_38' title="bbox 293 3102 1876 3152; baseline -0.001 -11"><span class='ocrx_word' id='word_1_294' title='bbox 293 3103 308 3127; x_wconf 80' lang='lat'><strong>³</strong></span> <span class='ocrx_word' id='word_1_295' title='bbox 365 3104 420 3141; x_wconf 90' lang='lat' dir='ltr'>Cf.</span> <span class='ocrx_word' id='word_1_296' title='bbox 443 3105 650 3150; x_wconf 85' lang='lat' dir='ltr'>POLANCO‚</span> <span class='ocrx_word' id='word_1_297' title='bbox 679 3107 704 3140; x_wconf 90' lang='lat' dir='ltr'>t.</span> <span class='ocrx_word' id='word_1_298' title='bbox 730 3112 796 3150; x_wconf 78' lang='lat' dir='ltr'>VI,</span> <span class='ocrx_word' id='word_1_299' title='bbox 823 3115 910 3151; x_wconf 88' lang='lat' dir='ltr'>pag.</span> <span class='ocrx_word' id='word_1_300' title='bbox 940 3105 1030 3152; x_wconf 89' lang='lat'>487,</span> <span class='ocrx_word' id='word_1_301' title='bbox 1059 3115 1093 3142; x_wconf 87' lang='lat' dir='ltr'>n.</span> <span class='ocrx_word' id='word_1_302' title='bbox 1127 3113 1226 3152; x_wconf 84' lang='lat'><strong>²097</strong></span> <span class='ocrx_word' id='word_1_303' title='bbox 1257 3107 1294 3139; x_wconf 89' lang='lat' dir='ltr'>et</span> <span class='ocrx_word' id='word_1_304' title='bbox 1320 3114 1441 3151; x_wconf 86' lang='lat' dir='ltr'>seqq.</span> <span class='ocrx_word' id='word_1_305' title='bbox 1462 3103 1526 3140; x_wconf 92' lang='lat' dir='ltr'>ubi</span> <span class='ocrx_word' id='word_1_306' title='bbox 1548 3113 1764 3140; x_wconf 88' lang='lat' dir='ltr'>sermonem</span> <span class='ocrx_word' id='word_1_307' title='bbox 1786 3102 1876 3139; x_wconf 89' lang='lat' dir='ltr'>facit</span> 
     </span>
     <span class='ocr_line' id='line_1_39' title="bbox 245 3166 808 3215; baseline -0.002 -13"><span class='ocrx_word' id='word_1_308' title='bbox 245 3168 316 3204; x_wconf 77' lang='lat' dir='ltr'>«de</span> <span class='ocrx_word' id='word_1_309' title='bbox 337 3167 503 3214; x_wconf 85' lang='lat' dir='ltr'>collegio</span> <span class='ocrx_word' id='word_1_310' title='bbox 524 3166 808 3215; x_wconf 77' lang='lat' dir='ltr'>bigliomensi»</span> 
     </span>
    </p>
   </div>
  </div>
 </body>
</html>
