2066 3516
368 268 442 318 176
830 264 1066 304 Ems'roma
1094 264 1424 304 Mutua—1086

382 371 556 436 Hoggi
582 387 725 435 penso
749 371 783 417 si
808 371 906 417 sara
930 369 1200 434 principiata
1224 370 1266 417 la
1283 370 1469 418 lettione
1492 386 1639 435 greca,
1659 370 1824 434 perche
1848 370 1945 418 cusi

318 447 361 494 io
386 447 413 492 l'
439 447 619 493 haueuo
645 445 869 492 ordinato.

379 522 469 568 Del
495 520 675 568 fratello
705 522 780 582 Jo.
808 521 951 569 Nieto
974 522 1003 580 ¹,
1029 538 1121 569 non
1146 521 1207 568 ho
1230 521 1396 568 sentito
1420 521 1557 580 altro;
1582 538 1745 585 penso,
1770 520 1803 567 si
1829 518 1947 567 fosse

318 596 603 660 peggiorato‚
624 613 697 643 me
723 596 749 642 l'
776 596 951 643 hauessi
977 595 1094 644 fatto
1117 612 1273 660 sapere
1297 595 1326 643 il
1357 594 1535 643 fratello
1569 595 1814 643 Melchior.
1845 595 1947 642 No-

314 682 408 717 stro
432 670 596 735 Signor
621 671 684 735 gli
709 671 783 718 dia
808 688 888 718 sua
913 672 1074 735 gratia.

377 746 445 793 Le
470 746 797 811 quadrimestri
822 763 904 793 son
929 745 1055 804 fatte,
1081 746 1157 811 gia
1180 745 1311 793 molti
1336 745 1504 810 giorni,
1531 762 1607 793 ma
1630 762 1724 792 non
1750 745 1947 792 anchora

315 821 529 868 rescritte:
552 839 638 868 con
664 821 702 869 le
727 822 874 885 prime
900 821 940 869 le
960 822 1182 870 mandare
1204 821 1234 880 2,
1254 833 1299 868 et
1317 821 1503 868 insieme
1528 838 1619 867 una
1642 837 1724 885 per
1747 820 1775 867 il
1803 820 1944 868 Rmo.

314 895 513 943 cardinal
542 908 701 943 nostro
722 895 751 954 ³,
777 896 859 944 che
883 898 981 944 sara
1013 897 1042 944 il
1075 897 1164 944 fine
1192 897 1310 945 della
1339 906 1558 960 presente.
1591 895 1655 942 Di
1683 895 1859 942 Loreto
1890 894 1947 942 ali

316 984 373 1033 27
410 971 456 1019 di
495 971 706 1019 Gennaio
738 972 873 1034 1556.
911 972 1018 1019 Alle
1051 983 1177 1019 sante
1200 971 1393 1019 orationi
1429 971 1475 1018 di
1510 971 1572 1020 V.
1610 971 1671 1018 R.
1714 971 1768 1019 P.
1803 986 1947 1035 prego

311 1062 456 1093 essere
489 1048 911 1104 raccommandato,
945 1057 991 1094 et
1023 1047 1172 1111 quella
1201 1046 1408 1094 conserui
1439 1046 1551 1107 Jesu
1585 1044 1669 1094 X.⁰
1700 1057 1858 1092 nostro
1890 1045 1947 1092 si-

311 1135 468 1184 gnore.
497 1121 666 1168 Amen.
695 1121 757 1167 Di
784 1121 843 1168 V.
873 1120 935 1168 R.
963 1121 1014 1169 P.
1042 1122 1368 1186 indegnissimo
1394 1121 1440 1167 in
1466 1121 1551 1168 X.⁰
1575 1116 1811 1180 seruitore,

1228 1197 1480 1243 OLIUERIO
1516 1195 1794 1243 MANAREO.

376 1287 631 1351 Inscriptio:
657 1288 690 1350 ἦ·
715 1287 775 1334 ΑΙ
801 1288 946 1336 molto
972 1289 1094 1338 Rdo.
1128 1289 1174 1337 in
1205 1290 1290 1337 X.⁰
1317 1290 1486 1347 Padre,
1512 1289 1540 1336 il
1567 1289 1620 1338 P.
1650 1287 1744 1337 M?
1766 1288 1947 1353 Ignatio

316 1361 374 1408 de
391 1361 585 1426 Loyola,
603 1363 835 1427 preposito
854 1364 1060 1427 generale
1079 1365 1194 1412 della
1213 1365 1469 1430 Compania
1488 1365 1545 1412 de
1563 1365 1695 1426 Jesu,
1711 1365 1758 1412 in
1777 1365 1944 1413 Roma.

316 1438 426 1485 Alia
449 1455 597 1486 manu:
625 1439 722 1486 R.ta
746 1438 817 1485 alli
843 1452 869 1500 7
896 1439 942 1486 di
969 1439 1007 1486 F
1010 1439 1178 1489 ebraio.

313 1593 519 1631 Lauretum
538 1597 618 1643 ejus
634 1599 755 1643 pater,
774 1599 810 1632 et
827 1599 974 1633 tantum
991 1597 1100 1635 abest
1114 1601 1155 1634 ut
1174 1597 1296 1635 filium
1312 1607 1493 1634 revocare
1514 1596 1704 1634 studuerit
1724 1608 1746 1633 a
1766 1599 1946 1643 suscepto

313 1657 415 1694 vitae
435 1658 678 1705 perfectioris
706 1659 895 1706 instituto,
915 1663 958 1696 ut
977 1660 1105 1706 potius
1133 1660 1198 1707 pia
1227 1660 1393 1707 quadam
1415 1663 1452 1696 et
1476 1659 1578 1696 virili
1605 1659 1872 1696 exhortatione
1898 1660 1947 1695 ad

314 1722 640 1767 perseverantiam
657 1733 742 1758 eum
760 1722 1001 1770 animaverit;
1019 1727 1055 1759 et
1075 1734 1162 1759 cum
1183 1723 1281 1759 inter
1297 1723 1579 1775 exhortandum
1597 1723 1734 1759 uberes
1755 1722 1946 1769 lacrymas

314 1783 544 1832 effunderet,
567 1795 654 1821 cum
679 1795 836 1821 causam
857 1795 988 1821 earum
1009 1789 1155 1832 peteret
1181 1786 1301 1833 filius,
1322 1786 1518 1832 respondit
1544 1795 1635 1832 prae
1656 1785 1773 1821 animi
1799 1784 1947 1821 laetitia

312 1857 352 1883 se
374 1846 482 1893 flere;
505 1852 542 1883 et
569 1858 656 1883 cum
685 1847 841 1893 quidam
863 1858 910 1883 ex
935 1848 1078 1884 nostris
1106 1848 1251 1884 diceret
1276 1849 1446 1885 nondum
1473 1849 1599 1895 ipsum
1622 1848 1843 1894 pervenisse
1869 1857 1945 1894 quo

312 1915 542 1957 pervenerat
563 1911 721 1958 quidam
742 1911 780 1947 in
799 1911 1007 1958 Hispania,
1030 1911 1094 1958 qui
1117 1912 1284 1958 quinque
1306 1911 1426 1959 filios,
1448 1911 1678 1959 cognomine
1699 1911 1884 1959 Acostas,
1905 1911 1945 1947 in

315 1973 510 2011 societate
532 1975 707 2021 haberet,
729 1974 850 2011 facete
877 1975 1095 2021 respondit:
1119 1985 1256 2021 «spero
1277 1986 1336 2011 me
1363 1978 1564 2022 parentem
1592 1985 1723 2011 eorum
1747 1977 1944 2021 superatu-

314 2048 397 2074 rum
419 2048 515 2084 esse,
536 2049 624 2074 nam
653 2038 728 2074 duo
750 2037 841 2073 mihi
864 2037 929 2073 alii
953 2042 1157 2084 supersunt
1176 2038 1257 2085 filii,
1276 2039 1340 2085 qui
1362 2049 1448 2075 cum
1468 2038 1633 2085 ingressi
1654 2038 1795 2075 fuerint
1815 2037 1944 2076 Socie-

314 2104 445 2146 tatem,
470 2111 542 2147 ego
563 2101 645 2147 ipse
666 2101 900 2147 ingrediar».
921 2099 1129 2148 POLANCO‚
1150 2105 1176 2138 t.
1197 2110 1255 2148 VI,
1277 2113 1362 2149 pag.
1385 2112 1448 2150 99,
1473 2113 1559 2149 100,
1581 2113 1618 2138 n.
1639 2112 1730 2148 342.

366 2161 381 2188 ¹
437 2164 572 2201 Frater
595 2165 766 2201 Joannes
791 2164 924 2210 Nieto,
947 2164 1011 2210 qui
1039 2164 1154 2200 etiam
1179 2164 1347 2201 Joannes
1374 2165 1549 2212 Ignatius
1574 2175 1689 2211 saepe
1715 2164 1942 2211 appellatur,

313 2227 433 2264 Roma
453 2228 659 2264 Lauretum
680 2231 837 2264 venerat
863 2237 950 2263 cum
977 2226 1015 2264 P.
1045 2226 1182 2264 Fulvio
1202 2227 1404 2264 Androtio.
1433 2226 1480 2263 Et
1501 2237 1586 2263 eum
1608 2227 1762 2274 quidem
1785 2226 1943 2263 comita·
2000 2272 2001 2275 Ἴ

312 2294 419 2328 turus
458 2295 538 2327 erat
575 2291 788 2327 Meldulam
824 2300 967 2336 usque,
1007 2300 1082 2336 quo
1122 2290 1390 2338 mittebantur,
1429 2294 1471 2327 ut
1507 2289 1607 2327 infra
1645 2290 1805 2328 dicetur.
1842 2289 1942 2326 Vide

312 2353 422 2400 epist.
443 2353 557 2400 1136.

369 2414 386 2440 2
439 2417 497 2454 Cf.
518 2414 617 2455 Litt.
643 2413 823 2465 Quadr„
844 2421 869 2455 t.
890 2426 948 2464 IV,
969 2428 1054 2464 pag.
1077 2417 1210 2455 68-81.

368 2477 383 2503 3
439 2479 666 2526 Rodulphus
685 2479 753 2517 Pio
774 2479 811 2516 di
834 2480 960 2528 Carpi,
983 2480 1202 2527 cardinalis,
1224 2478 1429 2517 Societatis
1447 2479 1539 2517 Jesu
1558 2482 1762 2526 protector.
