2008 3510
791 281 843 321 27
871 269 980 322 JuLn
1016 268 1115 320 1548
1638 264 1715 315 665

140 375 310 423 nullius
334 376 548 440 ponderis
572 386 702 423 erant
724 376 796 423 vel
821 375 1056 423 momenti.
1086 374 1330 421 Caeterum
1346 372 1413 431 iis,
1432 388 1548 436 quae
1566 371 1769 436 aliquan-

139 449 289 497 tulum
316 466 479 514 vrgere
501 450 794 507 videbantur,
819 450 1084 514 priusquam
1118 447 1173 494 ab
1206 464 1260 494 eo
1282 446 1552 505 discederet,
1576 446 1767 493 omnino

138 523 371 572 satisfecit.
397 523 511 571 Inde
535 536 639 588 post
662 541 830 588 paucos
859 524 984 582 dies„
1001 523 1093 569 imo
1126 522 1198 568 die
1220 521 1448 585 sequenti,
1473 522 1506 567 si
1532 521 1646 568 bene
1672 537 1765 567 me-

137 598 263 655 mini,
290 598 465 661 accepit
489 598 623 644 Pater
641 599 804 645 doctor
828 616 852 644 a
874 599 1054 659 Joanne
1078 597 1275 653 Rincon,
1300 596 1514 652 toletane,
1539 595 1702 653 literas,
1721 596 1764 642 in

136 672 303 736 quibus
341 671 497 719 scribit
533 672 716 719 Patrem
757 673 1063 720 Melchiorem
1103 672 1253 727 Cano,
1296 672 1409 718 dum
1442 671 1597 717 Toleti
1634 682 1765 729 esset,

136 746 285 793 multa
308 746 474 793 dixisse
498 758 656 793 contra
680 747 969 805 Societatem,
993 758 1038 794 et
1065 746 1222 793 adiisse
1255 745 1503 809 quemdam
1528 745 1766 791 conciona-

136 831 280 867 torem
321 821 474 885 magni
508 822 727 879 nominis,
758 839 815 868 ex
842 822 1004 869 ordine
1037 821 1179 867 sancti
1213 819 1468 876 Dominici,
1506 820 1583 883 qui
1626 818 1766 865 frater

132 896 335 956 Joannes
359 896 646 959 Segouiensis
671 896 938 960 appellatur,
966 912 1237 960 rogasseque
1256 894 1387 942 illum
1409 906 1460 941 vt
1483 894 1587 940 huic
1612 895 1765 941 Socie-

134 969 214 1016 tati
239 970 576 1027 aduersaretur,
603 982 647 1017 et
672 971 715 1016 in
750 971 1046 1017 concionibus
1075 970 1166 1016 suis
1200 986 1298 1015 eam
1329 968 1583 1032 sugillaret,
1611 985 1764 1032 repre-

132 1044 371 1103 henderet,
405 1045 706 1092 detestaretur
737 1056 874 1109 atque
906 1054 1269 1109 persequeretur,
1304 1060 1350 1090 se
1380 1043 1501 1090 idem
1534 1041 1765 1090 facturum

112 1119 397 1178 decreuisse,
422 1130 517 1166 tam
542 1120 586 1166 in
612 1119 909 1166 concionibus
926 1136 1068 1184 quam
1088 1119 1133 1165 in
1151 1119 1379 1166 cathedra.
1403 1118 1639 1177 Rationes,
1664 1119 1764 1182 qui—

134 1193 218 1239 bus
256 1194 312 1240 ad
352 1194 398 1240 id
428 1193 688 1241 faciendum
720 1193 1010 1252 mouebatur,
1037 1192 1223 1239 friuolas
1262 1209 1377 1248 esse,
1412 1192 1521 1238 dicit
1560 1192 1763 1250 Rincon3

134 1284 330 1331 quarum
378 1267 617 1314 nonnullas
665 1269 857 1331 ipsemet
905 1267 1058 1326 Can0,
1107 1268 1221 1314 dum
1263 1267 1439 1313 doctori
1487 1266 1764 1330 loqueretur,

132 1342 308 1389 obiecit.
338 1343 442 1388 Vna
465 1353 576 1398 erat,
607 1343 736 1389 cuius
768 1342 906 1406 paulo
937 1354 1039 1389 ante
1072 1341 1279 1399 memini,
1305 1341 1411 1405 quia
1433 1341 1641 1388 videlicet
1665 1359 1763 1406 per-

134 1416 359 1462 mittimus
379 1433 461 1462 nos
484 1417 650 1480 passim
679 1416 918 1480 ifiiguistas
943 1416 1140 1480 apellari.
1167 1416 1329 1463 Altera
1351 1426 1460 1474 erat,
1482 1417 1587 1481 quia
1607 1417 1765 1464 Patres

133 1490 267 1536 huius
296 1490 528 1537 Societatis
559 1490 773 1537 lubenter
803 1503 908 1538 eant
937 1508 1231 1555 quocumque
1260 1503 1495 1549 vocentur,
1526 1502 1572 1538 et
1602 1509 1627 1538 a
1665 1492 1764 1556 qui-

133 1564 418 1628 buscumque
458 1565 727 1624 inuitentur,
770 1577 816 1612 et
857 1565 984 1630 quod
1023 1565 1304 1612 delectentur
1342 1566 1682 1613 conuersatione
1714 1584 1763 1613 ac

133 1638 435 1685 familiaritate
472 1639 871 1698 muliercularum,
901 1640 1066 1686 domos
1095 1656 1250 1685 earum
1283 1640 1431 1703 sepius
1462 1640 1764 1703 ingredientes

131 1713 216 1759 sub
254 1724 497 1776 praetextu
526 1714 827 1761 conuertendi
860 1730 953 1773 eas,
985 1724 1063 1760 aut
1093 1714 1360 1770 adiuuandi,
1392 1725 1470 1760 aut
1507 1715 1563 1760 ad
1605 1715 1764 1761 melius

133 1788 453 1851 promouendi.
493 1788 629 1835 Haec
665 1799 710 1835 et
757 1788 920 1835 similia
954 1788 1077 1835 Patri
1109 1789 1191 1846 illi,
1223 1788 1391 1848 Joanni
1416 1788 1692 1852 Segouiensi,
1717 1790 1761 1836 in

135 1862 340 1909 medium
364 1862 634 1920 adducebat,
660 1862 827 1927 quibus
852 1862 981 1909 illum
1006 1863 1051 1909 in
1080 1880 1209 1909 suam
1233 1863 1501 1909 sententiam
1530 1864 1761 1926 pertrahe—

133 1948 220 1995 ret3
247 1953 411 1983 verum
436 1937 562 1994 alter,
589 1948 641 1984 vt
672 1949 740 1984 est
767 1938 834 1984 vir
867 1938 1089 2000 prudens,
1114 1937 1367 1995 subridens,
1391 1937 1624 2001 respondit
1645 1955 1690 1984 se
1715 1938 1760 1985 id

133 2027 419 2075 nequaquam
445 2009 697 2069 facturum,
730 2028 810 2058 nec
835 2012 992 2058 decere
1022 2022 1073 2057 vt
1102 2011 1197 2075 ipse
1221 2011 1465 2075 quicquam
1498 2011 1625 2074 prius
1652 2028 1759 2057 con-

131 2085 331 2143 demnet,
357 2101 496 2148 quam
527 2085 583 2131 ab
614 2085 796 2132 ecclesia
825 2086 1159 2132 condemnetur
1196 2097 1275 2132 aut
1312 2086 1594 2149 reprobetur.
1629 2086 1759 2132 Idem

130 2158 201 2204 hic
227 2158 523 2206 Salmanticae
547 2159 789 2206 solicitauit
813 2160 936 2223 apud
955 2161 1202 2224 quemdam
1228 2160 1366 2207 alium
1392 2161 1758 2207 concionatorem

129 2233 196 2278 sui
220 2233 414 2290 ordinis,
441 2233 518 2297 qui
545 2234 714 2280 dicitur
739 2233 880 2280 frater
912 2234 1121 2281 Thomas
1149 2235 1206 2282 de
1234 2235 1423 2282 Chauez
1447 2234 1474 2282 ¹.
1500 2234 1629 2280 Licet
1653 2234 1759 2280 haec

130 2307 284 2353 omnia
307 2307 362 2353 ab
388 2308 485 2370 ipso
511 2308 597 2354 dici
620 2325 668 2354 ac
688 2308 783 2354 fieri
801 2308 1040 2355 credamus
1064 2309 1136 2373 pia
1155 2310 1406 2357 intentione
1426 2326 1473 2355 ac
1493 2308 1616 2355 bono
1641 2308 1756 2366 zelo,

131 2381 192 2427 ita
216 2393 366 2428 tamen
392 2381 530 2428 infixa
556 2383 713 2428 herent
738 2381 954 2428 cordibus
986 2383 1260 2441 multorum,
1292 2401 1381 2431 non
1415 2395 1595 2429 tantum
1628 2384 1757 2429 scho-

131 2456 415 2515 lasticorum,
451 2473 613 2503 verum
647 2457 782 2503 etiam
811 2456 958 2503 multo
989 2457 1133 2520 magis
1162 2457 1400 2514 laicorum,
1434 2469 1526 2503 tam
1558 2456 1756 2519 plebeio-

132 2547 235 2576 rum
261 2548 399 2595 quam
428 2531 678 2594 primatum
704 2548 752 2577 ac
776 2531 1125 2595 magistratuum
1158 2532 1290 2579 huius
1314 2531 1527 2588 ciuitatis,
1553 2541 1605 2576 vt
1628 2548 1678 2576 ea
1700 2531 1756 2577 de

131 2621 264 2651 causa
288 2604 419 2651 nobis
444 2605 593 2652 aditus
616 2605 879 2652 occludatur
903 2606 959 2652 ad
984 2606 1346 2670 aggrediendum
1377 2604 1615 2669 quodlibet
1639 2621 1756 2667 opus

131 2679 283 2741 pium,
308 2678 379 2725 vel
405 2678 450 2724 in
477 2679 699 2725 honorem
726 2679 831 2738 Dei,
856 2679 928 2726 vel
953 2679 998 2726 in
1022 2679 1264 2727 vtilitatem
1288 2679 1497 2744 proximi.
1524 2679 1757 2742 Dignetur

130 2752 346 2799 dominus
376 2753 511 2813 Jesus
543 2769 628 2816 pro
660 2753 881 2799 immensa
911 2770 991 2799 sua
1020 2753 1222 2801 bonitate
1253 2755 1382 2801 nobis
1412 2753 1530 2799 illam
1562 2753 1755 2816 gratiam

129 2825 328 2889 elargiri,
353 2842 444 2890 qua
479 2826 523 2873 in
555 2826 771 2873 omnibus
799 2826 1095 2874 exhibeamus
1125 2845 1206 2875 nos
1236 2829 1356 2875 *sicut
1394 2844 1525 2873 veros
1556 2827 1646 2873 Dei
1671 2827 1755 2873 mi-

130 2899 294 2946 nistros
308 2916 462 2946 coram
481 2900 595 2963 ipso,
615 2900 702 2964 pie,
723 2901 910 2948 honeste
929 2918 977 2948 ac
993 2902 1204 2949 decenter
1222 2903 1502 2950 ambulantes
1518 2901 1562 2947 in
1589 2917 1754 2965 magna

184 3071 196 3097 ¹
257 3074 448 3110 «Thomas
476 3073 522 3109 de
550 3072 761 3110 Echaves.›
785 3071 919 3125 Epist.
941 3071 1133 3122 Mixtae‚
1155 3080 1181 3113 t.
1202 3085 1248 3123 Η,
1270 3087 1355 3123 pag.
1385 3076 1469 3112 116.
1490 3075 1590 3111 Vide
1615 3075 1751 3120 locum,

131 3138 196 3174 ubi
218 3138 363 3175 mentio
385 3138 426 3174 fit
446 3137 493 3174 de
514 3137 587 3176 hae
606 3137 863 3177 Maximiliani
884 3138 1059 3189 epistola.
