2066 3516
357 282 432 309 202
824 269 1060 307 EPISTOLAE
1090 267 1416 319 Motus—1096

303 377 554 440 pertinente
580 374 664 421 alla
688 375 866 434 chiesia‚
888 375 948 421 ho
967 374 1154 438 pigliato
1174 374 1454 438 possessione
1479 375 1630 421 auanti
1656 375 1700 422 di
1728 376 1934 439 partirmi

301 452 347 497 di
375 451 427 497 la.
455 450 497 496 Si
525 450 756 513 negotiara
781 450 839 496 ad
865 449 1075 496 instantia
1099 449 1171 496 del
1199 467 1393 496 vescouo
1420 451 1464 497 di
1492 451 1682 498 Catania
1708 462 1752 497 et
1776 469 1880 498 cum
1907 452 1935 498 il

303 525 434 571 fauor
467 525 537 570 del
572 524 732 581 vicere,
776 524 820 570 10
850 524 982 588 quale
1019 524 1047 570 il
1087 524 1214 571 detto
1242 542 1436 571 vescouo
1471 526 1528 571 ha
1559 526 1839 572 domandato
1863 526 1935 573 del

302 599 558 647 eccellentia
575 615 670 657 sua,
697 615 777 662 per
793 597 887 645 fare
911 617 1002 645 vno
1028 599 1255 663 collegio
1247 617 1291 646 111
1313 617 1401 646 vna
1419 601 1507 647 cita
1535 601 1677 646 molto
1697 600 1936 664 grandem

302 674 452 739 quella
476 674 656 731 diocesi,
682 674 915 720 nominata
941 675 1103 739 Castro
1135 675 1279 735 Joan,
1314 675 1352 720 la
1383 676 1514 739 quale
1537 687 1604 721 sta
1635 676 1680 722 in
1713 676 1755 722 10
1782 687 1937 722 metzo

301 749 346 795 di
374 759 532 813 questa
553 747 694 794 insola
718 748 763 794 di.
790 747 985 795 Sicilia.
958 748 971 773 ¹
1023 749 1086 794 Di
1117 749 1269 813 quello
1300 760 1422 795 tutto
1445 749 1527 795 che
1560 750 1594 796 si
1624 748 1735 807 fara,
1761 749 1795 796 si
1827 750 1937 797 dara

304 824 430 869 auiso
455 821 724 886 particulare
749 822 832 868 alla
860 823 918 870 R.
941 822 993 870 P.
1022 823 1080 869 V.

369 898 506 944 Tutti
531 914 620 962 qua
654 897 755 943 nelli
787 898 904 943 soliti
940 898 1148 963 essercitij
1184 898 1518 956 continuanno,
1551 909 1678 945 tanto
1710 898 1813 963 quel
1838 898 1935 945 del-

305 973 344 1018 le
376 971 550 1031 schole,
586 971 706 1018 doue
736 988 850 1018 sono
878 972 1069 1018 scholari
1094 987 1210 1032 320,
1243 985 1416 1036 quanto
1449 972 1598 1037 quelle
1631 973 1746 1019 della
1775 972 1937 1031 chiesa,

304 1047 424 1093 doue
456 1045 564 1110 ogni
600 1046 763 1110 giorno
797 1047 1032 1109 predicara
1062 1047 1088 1092 il
1128 1047 1177 1093 P.
1212 1046 1391 1093 Ottello
1417 1046 1433 1072 ²
1457 1058 1617 1111 questa
1649 1047 1936 1112 quadragies-

303 1122 430 1180 sima,
472 1122 592 1168 doue
626 1121 792 1185 hoggie
826 1121 850 1166 ἐ
881 1134 1054 1167 venuto
1097 1121 1139 1167 lo
1182 1122 1331 1169 Illmo.
1373 1122 1489 1168 duca
1528 1122 1584 1168 de
1622 1122 1799 1168 Biuona
1827 1122 1857 1179 ³,
1899 1121 1939 1167 la

304 1197 524 1243 duchessa
548 1206 592 1242 et
617 1196 656 1241 la
680 1207 884 1242 contessa
909 1198 953 1242 di
980 1198 1131 1242 Asaro
1155 1208 1200 1242 et
1225 1196 1322 1242 altri
1351 1198 1478 1243 molti
1512 1196 1631 1244 della
1661 1209 1801 1244 corte.
1831 1198 1939 1261 Spe-

302 1287 429 1317 ramo
455 1270 536 1317 che
562 1270 938 1328 continuaranno‚
961 1287 1051 1316 non
1076 1288 1213 1317 senza
1239 1270 1362 1317 buon
1401 1270 1547 1318 frutto
1573 1272 1686 1318 delle
1719 1272 1817 1319 loro
1844 1272 1939 1319 ani-

303 1363 390 1403 me,
418 1345 457 1392 le
484 1344 745 1391 dominiche
769 1356 813 1390 et
838 1342 950 1391 feste
975 1346 1018 1392 di
1045 1359 1202 1410 questa
1221 1347 1596 1410 quadragiesima.

367 1420 403 1466 Il
439 1421 499 1467 R.
533 1419 584 1466 P.
613 1419 890 1483 prouinciale
918 1418 933 1443 ⁴
975 1420 1032 1465 ha
1064 1432 1310 1484 proposto,
1346 1421 1485 1485 dopoi
1525 1422 1769 1486 mengiare‚
1811 1422 1857 1468 in
1900 1421 1939 1468 la

302 1496 466 1542 chiesia
494 1507 648 1541 nostra
670 1494 818 1558 legere
843 1494 1034 1559 qualche
1060 1513 1162 1542 cosa
1187 1496 1295 1542 vtile
1321 1496 1408 1542 allo
1436 1497 1625 1560 populo,

368 1570 456 1616 Per
481 1569 522 1616 la
548 1570 682 1617 Iddio
707 1570 851 1634 gratia
882 1569 1156 1616 essercitanti
1191 1571 1385 1618 hauemo
1427 1588 1538 1628 vno,
1572 1571 1746 1619 benche
1771 1571 1800 1618 il
1831 1588 1939 1618 con·
1997 1623 1999 1630 Α

302 1662 435 1691 curso
468 1644 549 1690 alle
581 1642 864 1691 confessione
891 1655 936 1690 et
967 1644 1294 1691 communione
1329 1656 1375 1691 et
1409 1645 1622 1709 prediche
1655 1646 1678 1691 6
1709 1645 1753 1691 in
1790 1645 1965 1709 grand>

309 1735 512 1765 numero.

369 1793 489 1840 Cum
519 1793 556 1838 la
582 1804 789 1856 presente
817 1794 989 1840 mando
1017 1793 1055 1840 le
1082 1793 1228 1839 littere
1247 1793 1564 1858 quadrimestri
1588 1795 1722 1841 latine
1742 1793 1758 1820 ⁵
1776 1805 1821 1841 et
1839 1794 1939 1840 vul-

303 1884 430 1932 gare3
454 1885 556 1914 cum
594 1868 633 1914 le
659 1869 806 1932 prime
841 1868 1064 1916 mandaro
1101 1868 1129 1914 li
1164 1868 1271 1914 avisi
1305 1868 1563 1931 particulari
1594 1870 1638 1916 di
1676 1868 1834 1934 quelli,
1858 1869 1940 1915 che

303 1959 417 1988 sono
442 1942 485 1987 in
514 1953 677 2006 questo
702 1942 910 2006 collegio,
937 1943 1059 1989 done
1080 1943 1222 1989 siamo
1244 1956 1320 2004 37.

369 2016 405 2063 Il
432 2016 569 2062 breue
595 2016 715 2063 dello
735 2018 1011 2064 monasterio
1035 2017 1122 2064 del’
1141 2018 1415 2064 Assentione
1439 2034 1518 2081 per
1542 2035 1672 2064 amor
1692 2017 1764 2064 del
1783 2018 1940 2082 signor-

304 2090 438 2137 Iddio
464 2107 556 2137 non
590 2091 624 2136 si
658 2090 757 2137 lassi
791 2091 835 2137 di
871 2092 1060 2164 mandar
1091 2103 1266 2173 presto,
1291 2092 1479 2155 perche,
1505 2092 1621 2138 oltra
1649 2093 1731 2138 che
1763 2109 1787 2138 6
1813 2104 1940 2139 tanto

304 2164 573 2221 desiderato,
602 2181 626 2210 6
654 2164 799 2210 molto
826 2166 1090 2224 necessario,
1118 2166 1327 2212 massime
1346 2166 1514 2212 adesso.

368 2238 463 2284 Alli
501 2238 695 2284 orationi
733 2239 778 2285 di
813 2239 874 2287 V.
904 2240 961 2286 R.
994 2240 1042 2286 P.
1078 2251 1122 2286 et
1157 2240 1203 2286 di
1242 2240 1348 2287 tutti
1386 2241 1430 2287 di
1470 2251 1592 2287 tutto
1635 2240 1661 2285 il
1703 2258 1839 2287 cuore
1878 2241 1939 2288 mi

304 2313 646 2371 recommando‚
673 2313 882 2359 accioche
910 2314 1044 2361 Iddio
1070 2314 1131 2360 mi
1157 2314 1230 2360 dia
1249 2315 1394 2377 gratia
1418 2315 1463 2361 di
1482 2314 1728 2378 compliere
1753 2316 1797 2362 in
1817 2327 1939 2362 tutto

305 2386 654 2451 perfettamente
687 2387 725 2433 la
751 2405 829 2434 sua
856 2401 982 2434 santa
1011 2388 1215 2435 volunta.
1246 2390 1413 2436 Amen.
1443 2390 1503 2435 Di
1531 2389 1755 2447 Messina,
1781 2390 1853 2436 alli
1885 2391 1938 2438 16

359 2580 369 2605 ¹
428 2582 537 2618 Enna
568 2582 767 2626 nimirum,
800 2583 1005 2619 umbilicus
1038 2583 1194 2620 Siciliae
1230 2584 1349 2629 dicta,
1383 2588 1586 2630 propterea
1612 2586 1715 2631 quod
1746 2585 1784 2621 in
1812 2586 1939 2623 medio

304 2647 451 2682 insulae
473 2647 687 2683 constituta
708 2646 775 2692 sit,
797 2646 933 2682 civitas
955 2647 1135 2693 insignis,
1158 2657 1272 2693 quam
1294 2646 1481 2684 TULLIUS
1503 2648 1703 2694 describit,
1728 2645 1816 2686 Act.
1839 2657 1869 2685 11
1896 2644 1939 2686 in

314 2706 502 2754 Verrem,
525 2709 588 2745 lib.
612 2717 669 2755 lv,
691 2719 726 2745 n.
760 2718 851 2755 107:
885 2709 1058 2746 «Enna...
1087 2714 1144 2746 est
1170 2710 1257 2745 loco
1284 2710 1481 2756 praecelso
1508 2715 1622 2757 atque
1650 2711 1770 2748 edito:
1798 2722 1873 2759 quo
1901 2712 1940 2748 in

303 2782 453 2808 summo
482 2775 539 2808 est
566 2776 730 2818 aequata
757 2772 837 2817 agri
864 2772 1044 2817 planities
1073 2776 1109 2808 et
1139 2783 1260 2818 aquae
1290 2783 1496 2818 perennes:
1526 2777 1607 2809 tota
1641 2784 1732 2810 vero
1758 2774 1807 2810 ab
1836 2775 1940 2811 omni

304 2834 410 2870 aditu
431 2834 659 2869 circumcisa
680 2837 793 2880 atque
816 2834 1005 2880 dirempta
1022 2838 1093 2881 est3
1118 2845 1232 2880 quam
1254 2835 1356 2871 circa
1376 2835 1483 2872 lacus
1501 2836 1653 2882 lucique
1671 2841 1759 2873 sunt
1772 2837 1938 2883 plurimi,

304 2901 341 2933 et
361 2897 561 2933 laetissimi
585 2896 699 2932 flores
720 2896 824 2932 omni
848 2900 1020 2943 tempore
1038 2897 1193 2934 anni...»

357 2957 373 2983 2
426 2960 465 2996 P.
487 2959 747 3005 Hieronymus
768 2959 912 2997 Otello.

357 3020 373 3046 ³
428 3023 555 3058 Duces
576 3022 746 3058 Bibonae
763 3022 897 3058 Petrus
917 3022 964 3058 de
985 3022 1095 3059 Luna
1117 3026 1153 3058 et
1174 3021 1373 3059 Elisabeth
1393 3023 1439 3058 de
1458 3023 1581 3069 Vega.

309 3123 330 3131 ..
359 3082 373 3108 ⁴
428 3085 467 3122 P.
489 3085 750 3136 Hieronymus
770 3084 1006 3121 Domenech.
1114 3121 1118 3125 ,

360 3144 375 3172 ³
431 3148 510 3185 Has
531 3148 696 3185 afferunt
715 3145 818 3186 Litt.
844 3143 1026 3196 Quadr„
1049 3151 1073 3183 t.
1096 3156 1152 3194 lv,
1173 3158 1260 3194 pag.
1285 3158 1354 3184 121
1380 3151 1417 3184 et
1437 3158 1543 3196 seqq.
