2014 3528
0 3072 9 3292 „³22·.-.v2
7 3011 10 3014 .

840 191 866 211 ι

780 282 830 324 30
858 278 962 320 J'uml
997 266 1096 324 1556
1624 266 1699 323 383

119 390 416 438 contentasse,
435 375 556 424 fusse
580 394 661 441 ρει·
680 394 798 424 esset·
823 377 928 424 forsi
952 378 1128 442 magiot·
1152 377 1295 442 gloria
1314 377 1357 424 di
1381 387 1536 424 nostro
1561 377 1754 442 Signore

119 464 166 500 et
189 453 298 500 utile
318 453 362 500 di
389 462 543 499 nostra
561 451 866 516 Compagnia,
891 470 936 499 se
955 452 1059 516 quel
1078 452 1160 499 che
1179 451 1371 498 faciamo
1391 451 1485 516 qui,
1506 451 1754 516 potessimo

120 526 213 573 fare
239 526 429 584 altroue‚
456 542 537 589 per
561 526 600 571 le
625 525 800 589 ragioni
830 526 900 572 ch’
933 526 975 572 in
1011 537 1169 589 questa
1200 527 1335 589 potrzi
1365 527 1635 591 raccogkre,
1670 544 1752 573 an-

119 601 281 648 corche
307 611 481 664 quanto
507 599 591 645 alla
616 611 770 645 nostra
794 611 922 663 parte
940 600 978 646 ci
1005 599 1233 647 trouiamo
1254 617 1335 664 per
1359 601 1505 664 gratia
1522 601 1566 648 di
1594 613 1753 648 nostro

121 676 311 740 Signore
343 673 726 721 indiferentissimi
758 685 803 720 et
832 674 878 720 di
910 675 1017 738 ogni
1050 691 1252 721 successo
1283 675 1625 723 contentissimi.
1654 675 1752 739 Qui

120 749 374 796 receuiamo
414 748 555 794 molte
586 748 839 794 reuerentie
868 749 1095 805 esteriore‚
1134 748 1174 794 le
1205 748 1326 812 quali
1357 766 1413 795 ne
1443 749 1597 797 danno
1639 753 1752 814 per&

121 841 236 888 poco
261 824 448 888 piacere3
473 835 518 869 et
542 840 623 886 per
648 834 821 886 quanto
847 840 901 869 ne
927 824 1021 886 par'
1055 840 1312 887 accorgere,
1340 842 1368 870 o
1401 825 1552 872 niente
1583 842 1611 871 0
1636 842 1753 888 poco

119 897 266 945 frutto
291 899 325 944 si
350 899 374 944 ἐ
400 897 516 944 fatto
541 898 586 944 in
611 909 770 962 questa
793 909 911 943 terra
936 913 1017 960 per
1042 897 1081 943 la
1102 909 1255 944 nostra
1274 909 1460 956 uenum,
1480 900 1585 945 anzi
1607 894 1754 946 interi-

121 972 276 1019 diamo
299 972 381 1018 che
407 971 534 1018 molti
561 987 856 1017 mormorano
881 987 968 1016 con
991 969 1093 1028 dir'‚
1117 971 1200 1017 che
1224 971 1268 1017 lo
1298 983 1391 1018 star
1425 984 1582 1019 nostro
1616 990 1705 1037 qua
1730 974 1754 1019 ἐ

118 1047 323 1093 dannoso
347 1045 418 1092 alli
443 1046 618 1109 poueri,
644 1057 689 1091 et
718 1046 800 1091 che
831 1044 943 1091 colla
973 1061 1100 1107 spesa
1132 1056 1286 1091 nostra
1320 1046 1386 1109 (la
1420 1047 1551 1110 quale
1583 1049 1697 1111 pel-<3
1730 1048 1754 1094 ὲ

120 1120 226 1167 assai
262 1120 436 1182 macra)
482 1119 516 1165 si
559 1119 849 1165 manteniano
891 1118 1070 1165 almeno
1099 1119 1159 1165 sei
1193 1121 1365 1183 poueri,
1398 1121 1752 1168 distribuendosi

121 1195 149 1240 l’
175 1195 338 1241 intrate
363 1194 467 1241 dell’
497 1192 720 1257 hospitale
745 1193 788 1239 in
815 1193 996 1256 poueri‚
1023 1193 1167 1240 talche
1194 1195 1319 1258 quasi
1345 1195 1381 1242 ci
1400 1191 1608 1260 'tengano
1633 1197 1753 1242 chari

121 1285 203 1333 ρει·
227 1269 266 1315 le
289 1285 450 1332 spesse.
477 1268 520 1314 S'
546 1285 570 1314 a
597 1268 652 1314 V.
683 1267 733 1313 P.
762 1283 868 1330 pare
891 1266 974 1313 che
998 1267 1069 1313 εὶό
1103 1268 1166 1314 sia
1199 1285 1324 1326 uero,
1360 1269 1500 1316 intese
1531 1270 1568 1317 le
1603 1282 1755 1317 nostre

122 1343 311 1407 ragioni,
351 1344 388 1389 c‘
433 1343 680 1388 hauet-emo
713 1341 791 1387 un’
822 1341 972 1404 alegra
1003 1341 1229 1404 patientia.
1268 1343 1424 1390 Prima
1460 1344 1569 1408 ogni
1607 1345 1657 1391 di
1698 1345 1755 1391 de

122 1417 235 1464 festa
258 1418 292 1464 si
324 1417 425 1481 lege
455 1435 483 1464 o
515 1417 708 1480 predica,
742 1428 787 1462 et
822 1416 1034 1461 hauiamo
1066 1415 1232 1463 offerto
1264 1415 1357 1463 fare
1389 1435 1501 1465 anco
1531 1418 1560 1464 l’
1586 1436 1681 1465 uno
1712 1431 1756 1465 et

123 1492 149 1537 l’
175 1491 307 1551 altro,
335 1503 380 1537 et
404 1508 482 1555 per
506 1490 790 1537 commoditit
811 1490 880 1536 del
902 1489 1076 1553 populo
1101 1491 1314 1538 andiamo
1331 1493 1376 1538 in
1401 1495 1479 1539 un'
1497 1493 1610 1540 altra
1634 1494 1755 1540 chie—

122 1583 185 1625 sa,
213 1566 334 1612 doue
358 1565 558 1623 arriuad,
583 1565 726 1610 siamo
750 1564 876 1627 quasi
901 1564 1008 1610 tutti
1039 1565 1202 1613 sudati.
1240 1565 1314 1623 2.⁰,
1347 1567 1458 1634 ogni
1491 1582 1518 1628 3
1554 1568 1603 1614 di
1638 1567 1757 1615 della

124 1650 222 1700 7.¹¹a
245 1641 279 1686 s’
306 1640 494 1703 insegna
520 1638 560 1684 la
583 1638 786 1684 dottrina
809 1638 987 1701 xpiana.
1015 1638 1085 1684 alli
1111 1640 1230 1702 putti
1255 1657 1340 1686 con
1366 1635 1558 1705 qualche
1593 1640 1755 1688 frutto.

121 1713 199 1775 3.⁰,
235 1731 327 1760 non
356 1715 390 1760 si
422 1730 580 1759 manca
612 1730 636 1759 a
668 1713 777 1776 ogni
809 1711 1017 1758 richiesta
1047 1713 1213 1759 andare
1244 1730 1268 1759 a
1301 1713 1548 1762 confessar'
1588 1716 1682 1762 sani
1714 1726 1759 1761 et

122 1787 318 1845 infermi,
349 1788 602 1844 consolarli,
634 1787 843 1833 massime
875 1787 918 1832 in
955 1786 1142 1833 articulo
1174 1790 1352 1837 mortis,
1389 1796 1470 1849 4.⁰‚
1507 1791 1536 1837 il
1565 1791 1614 1837 di
1641 1790 1759 1838 delle

123 1862 248 1920 feste,
274 1863 359 1909 nel'
385 1863 497 1908 hora
520 1862 602 1909 che
626 1862 660 1908 si
682 1863 738 1907 ha
763 1879 787 1907 a
807 1862 942 1925 leger’
968 1878 997 1907 o
1018 1862 1254 1924 predicar’‚
1276 1881 1330 1910 ne
1350 1866 1572 1912 conuiene
1591 1866 1759 1912 andare

123 1954 203 2001 pet-
225 1937 266 1984 le
291 1938 466 1983 estrade
491 1949 536 1983 et
559 1937 721 2000 piazze
754 1954 779 1982 a
810 1936 1035 1999 impedirli
1062 1935 1089 1982 li
1116 1937 1267 2000 giochi
1292 1956 1377 1985 con
1407 1940 1688 1998 esortationi,
1715 1951 1759 1986 et

123 2010 222 2058 farli
247 2013 413 2058 andare
437 2011 520 2057 alla
543 2011 704 2068 chiesa,
730 2011 765 2056 si
790 2008 835 2056 fa
860 2011 1017 2073 doppo
1042 2010 1083 2055 la
1107 2013 1390 2073 processione
1421 2014 1525 2061 delli
1551 2015 1692 2078 putti,
1719 2014 1758 2060 la

122 2086 254 2150 quale
277 2086 414 2132 rende
439 2086 547 2131 assai
574 2085 822 2131 deuotione
847 2095 891 2130 et
915 2084 1048 2130 escita
1072 2101 1100 2130 o
1124 2083 1240 2130 deue
1264 2085 1436 2131 escitar'
1464 2103 1557 2133 non
1586 2103 1701 2150 poco
1728 2085 1757 2132 il

122 2161 312 2224 populo,
337 2172 381 2207 et
410 2161 448 2207 c'
484 2161 826 2207 accomodiamo
857 2159 1091 2205 uolentieri
1118 2177 1142 2205 a
1167 2159 1289 2205 leuar
1318 2159 1571 2207 differenze
1604 2172 1648 2207 et
1673 2160 1756 2208 liti.

121 2235 254 2281 Oltra
277 2235 320 2282 di
349 2235 434 2292 cic),
461 2235 569 2298 ogni
595 2236 831 2281 domenica
856 2251 880 2279 a
906 2234 1076 2280 matina
1099 2233 1143 2280 io
1168 2232 1310 2280 faccio
1334 2251 1424 2281 una
1446 2235 1706 2282 esortation'
1733 2252 1757 2281 a

122 2310 267 2374 questi
292 2309 382 2356 del'
409 2309 650 2373 hospitale,
675 2320 719 2356 et
748 2325 833 2355 con
867 2318 989 2354 tutto
1020 2308 1091 2354 εἱό
1122 2308 1268 2371 parmi
1300 2309 1382 2354 che
1412 2321 1571 2373 questa
1603 2320 1758 2356 nostra

121 2384 366 2430 mercantia
383 2384 445 2430 sia
468 2383 613 2429 molto
635 2400 750 2446 poco
769 2383 950 2428 stimata
968 2382 1011 2428 in
1034 2394 1196 2446 questo
1216 2382 1368 2446 luogo,
1391 2384 1446 2430 Se
1465 2382 1524 2431 V.
1546 2383 1595 2431 P.
1619 2400 1757 2447 pensa

121 2459 165 2505 di
199 2470 389 2522 poterne
432 2456 502 2504 fat·
542 2457 725 2521 miglior
763 2457 943 2503 ritratto
981 2457 1025 2502 in
1068 2456 1184 2503 altro
1214 2457 1370 2521 luogo,
1404 2475 1433 2504 o
1472 2457 1544 2504 ch’
1577 2458 1758 2505 almeno

121 2534 156 2579 s'
189 2533 354 2580 habbia
377 2533 456 2596 piu
484 2549 508 2578 a
531 2549 646 2589 cara,
672 2532 746 2578 noi
771 2549 820 2578 ce
842 2549 896 2578 ne
922 2532 1223 2578 remettiamo.
1250 2522 1287 2579 E
1313 2549 1423 2578 uero
1447 2532 1529 2579 che
1555 2531 1617 2595 gl’
1642 2533 1759 2579 huo-

122 2607 232 2654 mini
259 2608 317 2654 da
340 2607 456 2654 bene
479 2607 642 2654 dicano
666 2607 925 2664 altrimenti,
952 2618 997 2652 et
1022 2606 1216 2652 tuttauia
1246 2606 1442 2652 uedemo
1472 2606 1554 2653 che
1578 2605 1756 2670 qualch'

123 2699 216 2738 uno
241 2682 275 2728 si
301 2683 432 2728 uiene
456 2699 480 2727 a
504 2680 760 2728 confessar'.

188 2758 240 2804 Io
282 2757 426 2804 molto
459 2757 750 2818 desciderarei
783 2757 828 2803 di
859 2772 977 2802 esser
1010 2755 1197 2801 liberato
1230 2755 1275 2801 di
1318 2765 1480 2818 questo
1521 2771 1629 2818 peso
1670 2753 1757 2801 del'

123 2832 360 2895 hospitale,
385 2848 465 2895 per
488 2848 605 2878 esset·
631 2831 799 2895 negotij
821 2830 1018 2886 secolari,
1046 2829 1148 2876 nelli
1167 2829 1288 2893 quali
1314 2841 1484 2875 truouo
1501 2829 1642 2875 molta
1667 2829 1758 2875 dis-

126 2907 339 2956 trattione
378 2905 422 2952 di
466 2916 630 2963 mente,
665 2905 812 2951 talche
846 2905 907 2950 mi
938 2921 1019 2950 son
1052 2902 1253 2949 resoluto
1286 2903 1463 2949 metter'
1506 2902 1691 2949 auanti¹
1736 2920 1759 2948 a

181 3079 193 3105 ¹
250 3082 375 3129 Rupta
395 3072 565 3129 papyrus
586 3086 654 3127 est;
677 3081 764 3117 ideo
786 3081 824 3117 in
845 3091 913 3117 ms.
936 3084 1083 3115 tantum
1109 3078 1184 3125 legi
1210 3082 1336 3124 potest
1362 3089 1430 3115 a...
1459 3078 1660 3115 Caeterum
1687 3077 1758 3112 hac

129 3146 292 3195 epistola
312 3155 404 3182 usus
425 3148 482 3182 est
502 3145 707 3191 POLANCO,
728 3149 756 3183 t.
775 3152 833 3190 VI,
854 3154 939 3190 pag.
964 3154 1027 3193 72,
1042 3153 1103 3189 73,
1126 3153 1165 3181 n.
1185 3153 1368 3188 224-232,
1390 3153 1435 3178 ex
1451 3152 1526 3189 quo
1544 3142 1639 3177 haec
1652 3142 1759 3189 juvat
