2046 3548
284 276 307 313 6
896 289 948 316 AD
978 288 1199 316 LECTOREM

229 383 402 446 plures,
428 384 504 447 qui
537 383 704 446 scripta
727 381 971 441 habebant,
997 400 1112 447 quae
1144 385 1200 431 ad
1229 385 1462 448 epistolas,
1488 403 1512 432 a
1545 386 1676 433 nobis
1701 389 1863 434 mixtas

230 459 395 506 usitato
421 459 604 505 nomine
635 459 899 522 appellataS,
922 459 1028 522 jure
1060 476 1108 506 ac
1144 461 1306 507 merito
1338 460 1620 519 referuntur,
1648 462 1755 509 haec
1781 479 1865 526 pro

228 551 307 580 sua
333 534 615 579 humanitate
642 533 880 579 nobiscum
906 535 1379 583 communicaverunt.

298 610 425 655 Hinc
451 626 590 672 quam
625 609 825 672 amplam
857 626 961 655 cum
996 610 1051 656 ad
1084 610 1223 669 hanc,
1254 621 1354 656 tum
1379 611 1436 658 ad
1461 606 1566 657 alias
1599 622 1863 658 nostrorum

228 696 638 733 monumentorum
683 696 856 748 partes,
898 685 1223 749 supellectilem
1263 687 1703 750 comparaverimus,
1751 687 1865 734 dum

228 760 430 824 publicas
455 777 502 806 ac
528 759 727 823 privatas
751 760 796 806 in
823 760 1054 822 Hispania
1079 777 1126 806 ac
1154 761 1411 818 Lusitania,
1442 762 1488 807 in
1514 761 1662 809 Gallia
1685 773 1731 808 et
1757 761 1863 808 Bel-

227 836 318 898 gio,
351 835 394 880 in
428 834 558 880 Italia
588 834 786 898 denique
816 851 865 881 ac
896 834 1145 881 Germania
1176 835 1473 882 bibliothecas
1506 836 1864 900 exploraremUS,

228 925 404 955 necesse
429 927 520 955 non
546 920 613 955 est
637 920 688 955 ut
712 908 920 972 pluribus
944 909 1169 966 dicamus;
1203 927 1350 973 neque
1374 910 1497 956 enim
1522 910 1568 957 id
1594 927 1677 957 nos
1701 911 1865 958 vendi-

228 996 321 1030 tare
354 985 499 1031 decet.
542 983 664 1030 Illud
696 995 816 1030 certe
847 1001 1045 1047 aequum
1078 995 1166 1042 est,
1202 996 1253 1030 ut
1287 995 1381 1030 tam
1414 984 1693 1031 nostratibus
1726 1002 1865 1050 quam

227 1059 392 1106 exteris
428 1059 614 1123 gratias,
649 1075 789 1123 quam
822 1076 1066 1123 possumus
1099 1060 1342 1117 maximas,
1369 1059 1641 1118 referamus,
1666 1077 1772 1107 cum
1803 1061 1867 1107 ob
1936 1122 1945 1125 -
2004 1117 2009 1122 ¹

225 1134 394 1197 scripta
417 1133 711 1180 commodata
736 1134 880 1191 nobis,
906 1145 1008 1180 tum
1033 1134 1186 1193 etiam,
1212 1135 1339 1198 quod
1366 1134 1503 1199 longe
1528 1135 1675 1199 majus
1699 1146 1782 1194 est,
1806 1135 1867 1182 ob

226 1225 387 1254 eorum
415 1208 743 1272 sapientissima
767 1209 970 1266 consilia,
997 1209 1165 1273 quibus
1190 1210 1258 1255 usi
1283 1222 1328 1256 et
1352 1210 1496 1276 adjuti
1521 1227 1694 1258 sumuS.
1722 1211 1867 1272 Quod

226 1283 260 1330 si
286 1300 447 1330 eorum
474 1283 785 1342 virorum,de
811 1285 976 1330 nostris
1003 1300 1342 1331 MONUMENTIS
1373 1285 1547 1348 optime
1574 1286 1866 1344 meritorum,

228 1359 452 1405 modestia
470 1358 683 1422 prohibet
702 1359 831 1422 plura
850 1376 874 1405 a
895 1360 1023 1406 nobis
1041 1360 1143 1417 dici,
1168 1360 1500 1407 condonabunt
1523 1360 1683 1407 saltem
1706 1361 1867 1408 Patres

230 1433 496 1479 Franciscus
524 1433 680 1491 Ehrle,
709 1434 873 1480 Petrus
898 1434 1069 1480 Tacchi
1092 1434 1305 1492 Venturi,
1332 1435 1540 1498 Angelus
1567 1435 1864 1499 Manganotti

228 1519 272 1554 et
295 1508 498 1568 Joannes
525 1507 730 1571 Baptista
750 1509 854 1555 Van
880 1509 1061 1567 Meurs,
1083 1509 1116 1555 si
1143 1510 1348 1573 ipsorum
1368 1510 1554 1557 nomina
1573 1510 1619 1557 in
1637 1510 1724 1558 hoc
1750 1510 1865 1570 loco,

229 1583 286 1630 ad
310 1594 493 1646 gratum
520 1583 726 1630 animum
751 1583 1122 1648 significandum,
1147 1599 1323 1632 exstare
1350 1584 1644 1633 voluerimus.

293 1658 379 1705 Sed
404 1659 459 1705 ad
485 1658 781 1723 epistolarum
807 1671 1079 1725 argumenta
1103 1661 1301 1724 gradum
1328 1659 1559 1707 faciamus.

1033 1852 1066 1898 I.

473 1976 669 2023 Epistolae
691 1988 713 2013 a
733 1987 864 2014 mense
887 1977 1045 2013 Octobri
1069 1986 1168 2025 1555
1195 1978 1242 2014 ad
1266 1989 1282 2014 1
1305 1977 1478 2013 Januarii
1501 1961 1615 2025 1556.

297 2109 412 2155 Sunt
439 2126 630 2156 numero
650 2113 727 2170 38.
752 2110 878 2156 Inter
898 2127 1009 2174 quas
1032 2110 1209 2174 speciali
1237 2110 1468 2157 mentione
1492 2111 1656 2175 dignae
1681 2126 1869 2157 censen-

233 2195 323 2242 tur,
349 2201 467 2248 quae
494 2196 767 2249 sequuntur.

298 2259 589 2318 Bononiensis,
617 2276 671 2324 19
691 2261 797 2308 Oct.
818 2277 842 2306 a
862 2260 899 2305 F
902 2261 1101 2307 rancisco
1129 2260 1307 2307 Palmio
1332 2261 1454 2320 data,
1479 2261 1526 2307 in
1545 2277 1636 2325 qua
1654 2261 1711 2308 de
1735 2260 1871 2307 rebus

232 2333 511 2391 domesticis,
537 2335 593 2381 de
619 2335 792 2398 pueris,
819 2335 1051 2381 Societatis
1075 2335 1251 2382 scholas
1276 2333 1692 2399 frequentantibus,
1718 2335 1775 2382 de
1801 2334 1869 2381 vi-

231 2408 318 2465 tiis,
338 2425 454 2473 quae
473 2409 518 2455 in
538 2410 718 2456 civitate
738 2421 1015 2474 grassantur,
1036 2427 1243 2474 quaeque
1261 2410 1426 2474 corrigi
1451 2409 1684 2468 deberent,
1703 2410 1867 2473 agitur.

298 2486 577 2530 Mamertina
597 2484 649 2532 P.
673 2484 956 2547 Hieronymi
974 2486 1259 2542 Domenech,
1281 2485 1541 2549 provinciae
1558 2484 1720 2531 siculae
1739 2501 1869 2548 prae-

234 2558 382 2621 positi,
413 2573 471 2604 20
497 2559 610 2606 Dec.
637 2559 815 2622 scripta,
842 2560 886 2605 in
913 2576 1003 2623 qua
1028 2560 1173 2606 multa
1197 2561 1254 2606 de
1277 2559 1476 2623 collegiis
1501 2576 1549 2606 ac
1574 2559 1705 2605 sociis
1729 2559 1870 2605 totius

233 2633 510 2695 provinciae,
539 2633 774 2698 multaque
797 2634 854 2681 de
884 2635 1068 2694 Joanne
1105 2635 1161 2681 de
1194 2634 1325 2697 Vega
1356 2651 1405 2680 ac
1438 2634 1573 2698 hujus
1603 2633 1755 2680 liberis
1785 2649 1867 2680 ex-

235 2719 492 2770 ponuntur.

300 2783 644 2841 Morbenienses,
684 2797 736 2844 17
770 2793 815 2830 et
854 2787 904 2829 18
944 2784 1095 2841 Nov.‚
1136 2783 1303 2847 quibus
1338 2783 1569 2830 Societatis
1603 2783 1775 2830 alumni
1811 2782 1869 2830 ad

234 2857 528 2903 excolendam
555 2857 676 2904 illam
702 2858 1032 2921 rempublicam
1058 2858 1364 2922 postulantur.

304 2933 579 2990 Coloniensis,
609 2946 664 2993 27
693 2933 821 2990 Oct„
847 2950 937 2997 qua
960 2933 1180 2980 docemur
1209 2933 1402 2980 civitatis
1434 2931 1641 2979 consules
1670 2949 1767 2978 rem
1791 2948 1868 2979 ca-

234 3007 450 3053 tholicam
492 3006 696 3066 fortiter,
733 3008 950 3054 adversus
990 3018 1237 3054 crescentes
1277 3007 1609 3054 haereticorum
1652 3007 1865 3070 impetus,

234 3081 372 3139 tueri;
397 3081 565 3128 amicos
590 3093 743 3128 autem
769 3081 1017 3140 Societatis,
1044 3092 1094 3127 ut
1118 3082 1227 3128 haec
1251 3080 1408 3128 stabile
1433 3098 1481 3128 ac
1507 3081 1748 3145 proprium
1773 3080 1866 3128 Co—

235 3155 380 3203 loniae
404 3155 689 3203 domicilium
714 3155 892 3214 habeat,
918 3154 1178 3219 efflagitare.
