2008 3510
300 257 377 296 704
766 244 1003 283 EpisTOLAE
1032 244 1363 295 Murra—1289

311 352 372 398 D.
402 350 666 397 Franciscus
687 349 699 376 ¹
725 350 913 414 singulis
937 349 1060 397 festis
1084 350 1247 398 diebus
1271 351 1397 398 iuxta
1418 369 1595 398 morem
1614 368 1718 398 cum
1742 352 1886 400 deuo-

246 443 294 481 to
319 437 363 471 et
392 424 618 489 frequenti
653 426 883 472 auditorio
914 426 1221 473 concionatur.
1256 426 1306 472 Is
1336 427 1469 473 etiam
1506 427 1733 474 dominica
1766 426 1885 475 infra

245 511 426 547 octauas
449 500 653 563 corporis
676 500 846 546 Christi
874 501 931 547 de
964 501 1230 547 sacramenti
1263 502 1557 549 eucharistiae
1588 502 1811 566 dignitate
1842 515 1887 550 et

246 576 304 621 de
329 574 521 621 utilitate
546 573 920 638 frequentationis
945 575 1199 621 orationem
1225 575 1409 622 latinam
1437 593 1605 640 magno
1630 593 1735 623 cum
1757 577 1886 624 audi-

246 662 400 696 torum
420 649 640 713 applausu
660 661 704 695 et
722 648 1028 696 satisfactione
1049 649 1218 696 habuit.
1244 650 1317 696 Eo
1335 651 1407 697 die
1427 649 1543 697 facta
1562 648 1651 697 fuit
1669 651 1885 699 solemnis

245 725 511 771 sacramenti
538 724 776 788 processio,
803 725 872 771 cui
901 724 1017 770 ultra
1047 740 1126 772 sex
1158 724 1294 771 millia
1326 725 1531 772 uirorum
1562 737 1607 771 et
1637 725 1883 773 mulierum

246 797 573 857 interfuerunt;
615 798 802 863 singulis
843 799 964 845 enim
1007 799 1157 858 annis,
1198 799 1415 846 suadente
1455 800 1608 864 aliquo
1650 800 1785 847 Patre
1828 818 1885 848 ex

246 872 481 930 Societate,
513 871 579 929 fit,
611 884 788 936 praeter
819 872 941 918 illam
974 872 1326 935 processionem,
1358 889 1475 937 quae
1506 873 1694 936 singulis
1724 872 1884 936 primis

245 946 485 993 dominicis
509 946 730 1010 cuiusque
756 947 936 1004 mensis,
961 948 1124 993 eodem
1150 947 1285 993 etiam
1311 946 1564 1004 inuentore,
1589 947 1653 994 fit.
1690 946 1883 994 Plurimi

244 1038 298 1066 eo
322 1021 457 1071 etiam
478 1021 551 1068 die
571 1021 865 1068 eucharistiae
885 1033 1218 1068 sacramentum
1239 1032 1546 1086 susceperunt.
1569 1021 1699 1068 Hinc
1722 1039 1883 1069 omnes

246 1094 338 1141 fere
361 1095 555 1142 ciuitatis
580 1095 714 1141 huius
739 1096 944 1142 ecclesiae
976 1096 1254 1160 parochiales
1289 1097 1666 1143 consuetudinem
1697 1113 1882 1160 accepe-

244 1181 366 1226 runt,
408 1182 458 1216 ut
498 1182 543 1216 et
585 1170 704 1233 ipsae
746 1171 1078 1234 processionem
1120 1172 1385 1218 sacramenti
1423 1171 1611 1236 singulis
1653 1172 1883 1218 mensibus
1932 1185 1934 1188 ’

244 1243 423 1292 faciant.
454 1245 610 1306 Quare
633 1244 848 1291 effectum
874 1258 958 1303 est,
980 1258 1030 1292 ut
1055 1245 1341 1292 ecclesiarum
1361 1258 1555 1293 rectores
1573 1246 1617 1292 in
1636 1246 1726 1292 suis
1744 1246 1881 1293 eccle-

245 1320 317 1366 siis
354 1331 399 1366 et
436 1318 767 1384 frequentiores
802 1333 846 1367 et
879 1321 1188 1384 diligentiores
1218 1321 1327 1378 sint,
1361 1321 1530 1367 subditi
1567 1320 1744 1367 illarum
1778 1320 1881 1384 plus

243 1394 377 1441 solito
403 1394 601 1451 visitent,
627 1411 839 1458 vesperae
865 1394 909 1440 in
930 1394 1036 1457 ipsis
1054 1393 1214 1441 diebus
1238 1392 1378 1452 festis,
1398 1394 1525 1461 quod
1543 1403 1674 1440 antea
1694 1393 1880 1441 minime

244 1468 394 1526 fiebat,
419 1469 730 1526 decantantur,
757 1469 802 1515 in
827 1468 1053 1532 aliquibus
1078 1468 1211 1515 etiam
1238 1468 1446 1515 doctrina
1477 1467 1716 1514 christiana
1747 1467 1880 1524 doce-

243 1554 331 1600 tur,
357 1544 541 1607 insuper
571 1554 794 1590 ornantur
818 1543 1039 1599 ecclesiae,
1066 1542 1266 1605 preciosa
1296 1542 1414 1589 fiunt
1443 1542 1706 1590 sanctissimi
1736 1559 1879 1589 sacra-

243 1619 382 1665 menti
426 1618 752 1679 reconditoria,
796 1618 967 1681 lampas
1009 1618 1089 1664 diu
1131 1629 1361 1682 noctuque
1399 1635 1551 1686 coram
1598 1617 1879 1664 sanctissimo

242 1704 524 1739 sacramento
549 1694 687 1739 ardet.
714 1692 756 1738 Si
782 1692 952 1739 accidat
980 1709 1100 1737 nunc
1126 1692 1181 1738 ad
1207 1691 1412 1738 infirmos
1443 1703 1774 1738 sacramentum
1800 1692 1878 1739 de-

242 1766 364 1825 ferri,
391 1767 592 1813 maximo
617 1778 735 1813 certe
759 1783 865 1812 cum
890 1766 1084 1823 honore,
1111 1765 1265 1812 multis
1287 1766 1627 1823 comitantibus,
1647 1765 1877 1830 cereisque

242 1841 449 1904 plurimis
474 1841 682 1899 accensis,
707 1841 833 1905 quod
867 1840 1054 1887 minime
1087 1840 1244 1898 fiebat,
1278 1839 1499 1888 defertur.
1532 1840 1710 1888 Infirmi
1741 1841 1876 1887 etiam

241 1928 417 1979 praeter
450 1933 625 1962 morem
660 1914 964 1962 confessorem
998 1915 1241 1978 diligenter
1274 1915 1528 1979 postulant,
1559 1914 1877 1962 eucharistiam

241 1991 324 2037 sibi
358 1991 454 2038 dari
486 2002 668 2054 petunt:
702 1991 913 2038 uidemus
947 1991 991 2036 in
1023 1991 1142 2037 hisce
1172 1990 1387 2037 omnibus
1416 1990 1646 2037 ecclesiam
1678 1989 1876 2036 maxime

240 2077 480 2113 mutatam.

305 2141 433 2188 Idem
472 2141 535 2188 D.
574 2140 838 2186 Franciscus
871 2140 1127 2187 doctrinam
1170 2139 1396 2203 xpianam.
1436 2150 1539 2186 ante
1578 2137 1751 2202 aliquot
1784 2138 1874 2184 iam

239 2217 333 2263 dies
363 2215 580 2273 absoluit;
614 2215 717 2261 hinc
749 2215 806 2261 ad
839 2227 1039 2261 mentem
1070 2231 1170 2261 eam
1202 2214 1367 2261 iterum
1392 2212 1716 2261 'declarandam
1749 2213 1874 2259 iuxta

239 2307 416 2337 morem
439 2290 743 2354 aggredietur3
770 2289 984 2352 permulti
1003 2289 1196 2352 pueruli,
1217 2301 1269 2335 ut
1287 2289 1390 2335 alias
1409 2288 1686 2352 scripsimus,
1704 2287 1874 2334 doctri·

240 2382 343 2410 nam
379 2365 520 2428 ipsam
555 2365 616 2419 ita
649 2364 897 2410 memoriae
929 2364 1226 2421 mandarunt,
1265 2374 1315 2410 ut
1348 2380 1486 2427 quam
1520 2361 1731 2409 facillime
1771 2378 1872 2408 eam

239 2451 422 2485 teneant
445 2451 490 2485 et
513 2450 727 2502 prompte
751 2438 956 2486 recitent.
981 2437 1140 2484 Schola
1165 2454 1433 2501 puerorum,
1466 2438 1522 2484 de
1547 2453 1637 2500 qua
1668 2435 1804 2482 etiam
1829 2446 1872 2482 te

239 2515 343 2560 alias
368 2515 709 2573 admonuimuS,
737 2514 780 2559 in
807 2514 902 2560 dies
927 2528 1026 2559 turn
1053 2513 1097 2560 in
1129 2512 1498 2571 scholasticorum
1533 2527 1739 2567 numero,
1771 2520 1871 2556 tum

238 2589 282 2634 in
310 2588 513 2634 moribus
537 2600 581 2634 et
606 2588 742 2634 literis
767 2599 972 2651 augetur,
998 2586 1172 2651 aliquos
1197 2586 1342 2633 bonae
1372 2585 1535 2632 indolis
1559 2601 1726 2648 pueros
1750 2583 1795 2630 in
1820 2600 1871 2630 ea

238 2664 472 2722 habemus,
498 2665 575 2728 qui
599 2664 806 2710 Societati
833 2675 1012 2710 nostrae
1037 2663 1223 2726 adiungi
1249 2662 1445 2709 maxime
1468 2661 1681 2725 cupiunt;
1709 2659 1792 2706 hos
1810 2658 1871 2705 ita

237 2737 407 2784 institui
434 2755 660 2796 curamus,
685 2754 733 2784 ac
759 2738 793 2783 si
818 2754 874 2784 ex
899 2738 1118 2784 Societate
1143 2748 1296 2783 nostra
1319 2747 1482 2784 essent.

301 2813 514 2874 Quadam
542 2813 615 2859 die
638 2812 844 2874 contigit,
872 2823 922 2858 ut
946 2812 1004 2858 D.
1036 2811 1073 2857 F
1076 2812 1299 2858 ranciscus
1324 2822 1451 2857 extra
1480 2809 1710 2856 ciuitatem
1737 2807 1869 2854 nobi-

236 2885 322 2932 lem
342 2898 386 2932 et
406 2887 622 2932 deuotam
642 2884 890 2932 foeminam
912 2886 1125 2932 inuiseret
1144 2903 1193 2932 ac
1213 2886 1536 2943 consolaretur,
1554 2884 1684 2947 eique
1703 2882 1867 2929 eucha—

236 2960 408 3006 ristiam
434 2961 729 3018 ministraret3
756 2972 969 3024 postque,
994 2977 1100 3007 cum
1126 2960 1208 3007 loci
1235 2959 1350 3007 illius
1373 2958 1605 3006 ecclesiam
1631 2957 1865 3013 visitasset,

291 3121 301 3147 ¹
360 3124 399 3162 Ρ.
420 3124 648 3161 Franciscus
668 3123 847 3169 Palmius,
870 3122 1173 3159 bononiensibus
1194 3122 1313 3159 sociis
1333 3121 1585 3168 praepositae.
