<?xml version="1.0" encoding="UTF-8"?>
<!DOCTYPE html PUBLIC "-//W3C//DTD XHTML 1.0 Transitional//EN"
    "http://www.w3.org/TR/xhtml1/DTD/xhtml1-transitional.dtd">
<html xmlns="http://www.w3.org/1999/xhtml" xml:lang="en" lang="en">
 <head>
  <title>
</title>
<meta http-equiv="Content-Type" content="text/html;charset=utf-8" />
  <meta name='ocr-system' content='tesseract 3.04.00' />
  <meta name='ocr-capabilities' content='ocr_page ocr_carea ocr_par ocr_line ocrx_word'/>
</head>
<body>
  <div class='ocr_page' id='page_1' title='image "./epistolaemixtaee05matruoft_0572.png"; bbox 0 0 2008 3510; ppageno 0'>
   <div class='ocr_carea' id='block_1_1' title="bbox 291 255 1354 308">
    <p class='ocr_par' dir='ltr' id='par_1_1' title="bbox 291 255 1354 308">
     <span class='ocr_line' id='line_1_1' title="bbox 291 255 1354 308; baseline 0.002 -16"><span class='ocrx_word' id='word_1_1' title='bbox 291 255 368 306; x_wconf 84' lang='lat'>566</span> <span class='ocrx_word' id='word_1_2' title='bbox 748 255 980 293; x_wconf 65' lang='lat' dir='ltr'>Emsromn</span> <span class='ocrx_word' id='word_1_3' title='bbox 1011 256 1243 295; x_wconf 79' lang='lat' dir='ltr'>MixrAE—</span> <span class='ocrx_word' id='word_1_4' title='bbox 1255 269 1270 295; x_wconf 93' lang='lat'>1</span> <span class='ocrx_word' id='word_1_5' title='bbox 1279 267 1354 308; x_wconf 89' lang='lat'>232</span> 
     </span>
    </p>
   </div>
   <div class='ocr_carea' id='block_1_2' title="bbox 230 357 1876 3009">
    <p class='ocr_par' dir='ltr' id='par_1_2' title="bbox 230 357 1870 1459">
     <span class='ocr_line' id='line_1_2' title="bbox 238 357 1865 425; baseline 0.004 -21"><span class='ocrx_word' id='word_1_6' title='bbox 238 357 507 405; x_wconf 89' lang='lat' dir='ltr'>fessionibus</span> <span class='ocrx_word' id='word_1_7' title='bbox 538 359 723 423; x_wconf 89' lang='lat' dir='ltr'>aliisque</span> <span class='ocrx_word' id='word_1_8' title='bbox 752 360 981 407; x_wconf 89' lang='lat' dir='ltr'>charitatis</span> <span class='ocrx_word' id='word_1_9' title='bbox 1010 361 1246 424; x_wconf 83' lang='lat' dir='ltr'>operibus,</span> <span class='ocrx_word' id='word_1_10' title='bbox 1284 378 1399 425; x_wconf 87' lang='lat' dir='ltr'>quae</span> <span class='ocrx_word' id='word_1_11' title='bbox 1435 378 1566 425; x_wconf 87' lang='lat' dir='ltr'>saepe</span> <span class='ocrx_word' id='word_1_12' title='bbox 1603 379 1697 410; x_wconf 89' lang='lat' dir='ltr'>sese</span> <span class='ocrx_word' id='word_1_13' title='bbox 1734 364 1865 411; x_wconf 91' lang='lat' dir='ltr'>nobis</span> 
     </span>
     <span class='ocr_line' id='line_1_3' title="bbox 231 432 1864 498; baseline 0.004 -21"><span class='ocrx_word' id='word_1_14' title='bbox 231 432 433 478; x_wconf 86' lang='lat' dir='ltr'>offerunt</span> <span class='ocrx_word' id='word_1_15' title='bbox 456 434 720 480; x_wconf 87' lang='lat' dir='ltr'>exercenda.</span> <span class='ocrx_word' id='word_1_16' title='bbox 747 434 989 498; x_wconf 89' lang='lat' dir='ltr'>Colloquia</span> <span class='ocrx_word' id='word_1_17' title='bbox 1007 435 1114 481; x_wconf 90' lang='lat' dir='ltr'>item</span> <span class='ocrx_word' id='word_1_18' title='bbox 1136 435 1221 481; x_wconf 89' lang='lat' dir='ltr'>alia</span> <span class='ocrx_word' id='word_1_19' title='bbox 1244 435 1426 492; x_wconf 88' lang='lat' dir='ltr'>habent,</span> <span class='ocrx_word' id='word_1_20' title='bbox 1446 452 1539 482; x_wconf 91' lang='lat' dir='ltr'>non</span> <span class='ocrx_word' id='word_1_21' title='bbox 1557 435 1705 482; x_wconf 90' lang='lat' dir='ltr'>solum</span> <span class='ocrx_word' id='word_1_22' title='bbox 1724 435 1864 497; x_wconf 90' lang='lat' dir='ltr'>festis,</span> 
     </span>
     <span class='ocr_line' id='line_1_4' title="bbox 233 506 1865 572; baseline 0.005 -22"><span class='ocrx_word' id='word_1_23' title='bbox 233 522 394 551; x_wconf 89' lang='lat' dir='ltr'>verum</span> <span class='ocrx_word' id='word_1_24' title='bbox 420 507 554 553; x_wconf 89' lang='lat' dir='ltr'>etiam</span> <span class='ocrx_word' id='word_1_25' title='bbox 588 506 798 570; x_wconf 89' lang='lat' dir='ltr'>profestis</span> <span class='ocrx_word' id='word_1_26' title='bbox 827 507 1003 566; x_wconf 87' lang='lat' dir='ltr'>diebus,</span> <span class='ocrx_word' id='word_1_27' title='bbox 1035 520 1086 555; x_wconf 92' lang='lat' dir='ltr'>vt</span> <span class='ocrx_word' id='word_1_28' title='bbox 1118 510 1242 572; x_wconf 88' lang='lat' dir='ltr'>apud</span> <span class='ocrx_word' id='word_1_29' title='bbox 1273 526 1523 568; x_wconf 87' lang='lat' dir='ltr'><strong>carcerem,</strong></span> <span class='ocrx_word' id='word_1_30' title='bbox 1557 509 1634 556; x_wconf 90' lang='lat' dir='ltr'>vbi</span> <span class='ocrx_word' id='word_1_31' title='bbox 1669 511 1865 558; x_wconf 81' lang='lat' dir='ltr'>maxime</span> 
     </span>
     <span class='ocr_line' id='line_1_5' title="bbox 234 581 1866 647; baseline 0.003 -22"><span class='ocrx_word' id='word_1_32' title='bbox 234 581 478 626; x_wconf 89' lang='lat' dir='ltr'>necessaria</span> <span class='ocrx_word' id='word_1_33' title='bbox 517 598 610 628; x_wconf 91' lang='lat' dir='ltr'>esse</span> <span class='ocrx_word' id='word_1_34' title='bbox 650 592 849 639; x_wconf 90' lang='lat' dir='ltr'>constat,</span> <span class='ocrx_word' id='word_1_35' title='bbox 888 595 932 629; x_wconf 91' lang='lat' dir='ltr'>et</span> <span class='ocrx_word' id='word_1_36' title='bbox 977 582 1095 630; x_wconf 90' lang='lat' dir='ltr'>alibi.</span> <span class='ocrx_word' id='word_1_37' title='bbox 1144 583 1384 629; x_wconf 90' lang='lat' dir='ltr'>Docentur</span> <span class='ocrx_word' id='word_1_38' title='bbox 1429 599 1615 646; x_wconf 88' lang='lat' dir='ltr'>quoque</span> <span class='ocrx_word' id='word_1_39' title='bbox 1661 583 1866 647; x_wconf 88' lang='lat' dir='ltr'>ethiopes</span> 
     </span>
     <span class='ocr_line' id='line_1_6' title="bbox 232 654 1867 720; baseline 0.003 -21"><span class='ocrx_word' id='word_1_40' title='bbox 232 654 487 701; x_wconf 83' lang='lat' dir='ltr'>doctrinam</span> <span class='ocrx_word' id='word_1_41' title='bbox 512 655 802 714; x_wconf 84' lang='lat' dir='ltr'>christianam</span> <span class='ocrx_word' id='word_1_42' title='bbox 830 657 875 702; x_wconf 91' lang='lat' dir='ltr'>in</span> <span class='ocrx_word' id='word_1_43' title='bbox 900 657 1101 720; x_wconf 89' lang='lat' dir='ltr'>quodam</span> <span class='ocrx_word' id='word_1_44' title='bbox 1130 656 1265 720; x_wconf 90' lang='lat' dir='ltr'>hujus</span> <span class='ocrx_word' id='word_1_45' title='bbox 1290 655 1414 703; x_wconf 90' lang='lat' dir='ltr'>vrbis</span> <span class='ocrx_word' id='word_1_46' title='bbox 1438 657 1627 719; x_wconf 89' lang='lat' dir='ltr'>templo,</span> <span class='ocrx_word' id='word_1_47' title='bbox 1653 669 1703 704; x_wconf 92' lang='lat' dir='ltr'>vt</span> <span class='ocrx_word' id='word_1_48' title='bbox 1727 657 1867 704; x_wconf 88' lang='lat' dir='ltr'>literis</span> 
     </span>
     <span class='ocr_line' id='line_1_7' title="bbox 233 728 1867 796; baseline 0.002 -23"><span class='ocrx_word' id='word_1_49' title='bbox 233 728 483 790; x_wconf 88' lang='lat' dir='ltr'>praeteritis</span> <span class='ocrx_word' id='word_1_50' title='bbox 508 729 700 775; x_wconf 88' lang='lat' dir='ltr'>relatum</span> <span class='ocrx_word' id='word_1_51' title='bbox 725 740 803 775; x_wconf 90' lang='lat' dir='ltr'>est.</span> <span class='ocrx_word' id='word_1_52' title='bbox 833 730 978 776; x_wconf 85' lang='lat' dir='ltr'>Extra</span> <span class='ocrx_word' id='word_1_53' title='bbox 1010 747 1167 776; x_wconf 90' lang='lat' dir='ltr'>muros</span> <span class='ocrx_word' id='word_1_54' title='bbox 1191 730 1327 776; x_wconf 86' lang='lat' dir='ltr'>etiam</span> <span class='ocrx_word' id='word_1_55' title='bbox 1349 731 1624 777; x_wconf 88' lang='lat' dir='ltr'>erudiuntur</span> <span class='ocrx_word' id='word_1_56' title='bbox 1647 731 1718 778; x_wconf 90' lang='lat' dir='ltr'>alii</span> <span class='ocrx_word' id='word_1_57' title='bbox 1750 731 1867 796; x_wconf 92' lang='lat' dir='ltr'>ejus-</span> 
     </span>
     <span class='ocr_line' id='line_1_8' title="bbox 232 801 1869 868; baseline 0.003 -21"><span class='ocrx_word' id='word_1_58' title='bbox 232 801 338 847; x_wconf 91' lang='lat' dir='ltr'>dem</span> <span class='ocrx_word' id='word_1_59' title='bbox 358 803 534 865; x_wconf 89' lang='lat' dir='ltr'>generis</span> <span class='ocrx_word' id='word_1_60' title='bbox 554 803 654 861; x_wconf 89' lang='lat' dir='ltr'>viri,</span> <span class='ocrx_word' id='word_1_61' title='bbox 672 803 765 867; x_wconf 90' lang='lat' dir='ltr'>qui,</span> <span class='ocrx_word' id='word_1_62' title='bbox 786 803 909 866; x_wconf 89' lang='lat' dir='ltr'>apud</span> <span class='ocrx_word' id='word_1_63' title='bbox 928 803 1172 866; x_wconf 88' lang='lat' dir='ltr'>spartarios</span> <span class='ocrx_word' id='word_1_64' title='bbox 1190 804 1378 862; x_wconf 90' lang='lat' dir='ltr'>detenti,</span> <span class='ocrx_word' id='word_1_65' title='bbox 1395 805 1451 851; x_wconf 92' lang='lat' dir='ltr'>ad</span> <span class='ocrx_word' id='word_1_66' title='bbox 1468 805 1694 868; x_wconf 89' lang='lat' dir='ltr'>templum</span> <span class='ocrx_word' id='word_1_67' title='bbox 1713 806 1869 852; x_wconf 89' lang='lat' dir='ltr'>venire</span> 
     </span>
     <span class='ocr_line' id='line_1_9' title="bbox 233 876 1868 942; baseline 0.004 -22"><span class='ocrx_word' id='word_1_68' title='bbox 233 892 324 921; x_wconf 91' lang='lat' dir='ltr'>non</span> <span class='ocrx_word' id='word_1_69' title='bbox 350 877 682 938; x_wconf 88' lang='lat' dir='ltr'>permituntur‚</span> <span class='ocrx_word' id='word_1_70' title='bbox 709 876 786 923; x_wconf 92' lang='lat' dir='ltr'>vbi</span> <span class='ocrx_word' id='word_1_71' title='bbox 811 877 1093 923; x_wconf 90' lang='lat' dir='ltr'>conveniunt</span> <span class='ocrx_word' id='word_1_72' title='bbox 1116 889 1161 923; x_wconf 93' lang='lat' dir='ltr'>et</span> <span class='ocrx_word' id='word_1_73' title='bbox 1185 878 1279 936; x_wconf 87' lang='lat' dir='ltr'>alii,</span> <span class='ocrx_word' id='word_1_74' title='bbox 1306 879 1472 942; x_wconf 88' lang='lat' dir='ltr'>quibus</span> <span class='ocrx_word' id='word_1_75' title='bbox 1496 879 1632 925; x_wconf 88' lang='lat' dir='ltr'>etiam</span> <span class='ocrx_word' id='word_1_76' title='bbox 1666 879 1868 926; x_wconf 87' lang='lat' dir='ltr'>satisfieri</span> 
     </span>
     <span class='ocr_line' id='line_1_10' title="bbox 231 949 1869 1014; baseline 0.002 -20"><span class='ocrx_word' id='word_1_77' title='bbox 231 949 358 1007; x_wconf 91' lang='lat' dir='ltr'>solet,</span> <span class='ocrx_word' id='word_1_78' title='bbox 374 951 635 997; x_wconf 91' lang='lat' dir='ltr'>convocatis</span> <span class='ocrx_word' id='word_1_79' title='bbox 654 952 785 997; x_wconf 89' lang='lat' dir='ltr'>tintin</span> <span class='ocrx_word' id='word_1_80' title='bbox 797 951 873 1014; x_wconf 91' lang='lat' dir='ltr'>[n]</span> <span class='ocrx_word' id='word_1_81' title='bbox 883 951 1020 998; x_wconf 89' lang='lat' dir='ltr'>abulo</span> <span class='ocrx_word' id='word_1_82' title='bbox 1037 969 1116 1014; x_wconf 89' lang='lat' dir='ltr'>per</span> <span class='ocrx_word' id='word_1_83' title='bbox 1136 952 1233 997; x_wconf 91' lang='lat' dir='ltr'>loca</span> <span class='ocrx_word' id='word_1_84' title='bbox 1251 952 1307 998; x_wconf 90' lang='lat' dir='ltr'>ad</span> <span class='ocrx_word' id='word_1_85' title='bbox 1328 951 1452 997; x_wconf 91' lang='lat' dir='ltr'>littus</span> <span class='ocrx_word' id='word_1_86' title='bbox 1471 950 1686 1009; x_wconf 90' lang='lat' dir='ltr'>fluminis,</span> <span class='ocrx_word' id='word_1_87' title='bbox 1703 952 1869 999; x_wconf 87' lang='lat' dir='ltr'>deuote</span> 
     </span>
     <span class='ocr_line' id='line_1_11' title="bbox 230 1024 1870 1089; baseline 0.003 -21"><span class='ocrx_word' id='word_1_88' title='bbox 230 1024 420 1072; x_wconf 90' lang='lat' dir='ltr'>orando.</span> <span class='ocrx_word' id='word_1_89' title='bbox 447 1025 554 1071; x_wconf 87' lang='lat' dir='ltr'>Alia</span> <span class='ocrx_word' id='word_1_90' title='bbox 579 1026 674 1071; x_wconf 90' lang='lat' dir='ltr'>loca</span> <span class='ocrx_word' id='word_1_91' title='bbox 699 1026 864 1072; x_wconf 88' lang='lat' dir='ltr'>vissere</span> <span class='ocrx_word' id='word_1_92' title='bbox 890 1026 1038 1072; x_wconf 90' lang='lat' dir='ltr'>solent</span> <span class='ocrx_word' id='word_1_93' title='bbox 1065 1026 1238 1083; x_wconf 88' lang='lat' dir='ltr'>Patres,</span> <span class='ocrx_word' id='word_1_94' title='bbox 1263 1043 1356 1089; x_wconf 88' lang='lat' dir='ltr'>quo</span> <span class='ocrx_word' id='word_1_95' title='bbox 1383 1042 1650 1072; x_wconf 88' lang='lat' dir='ltr'>concurrere</span> <span class='ocrx_word' id='word_1_96' title='bbox 1680 1044 1870 1074; x_wconf 90' lang='lat' dir='ltr'>consue-</span> 
     </span>
     <span class='ocr_line' id='line_1_12' title="bbox 233 1099 1869 1164; baseline 0.002 -20"><span class='ocrx_word' id='word_1_97' title='bbox 233 1109 399 1144; x_wconf 89' lang='lat' dir='ltr'>verunt</span> <span class='ocrx_word' id='word_1_98' title='bbox 435 1099 664 1157; x_wconf 89' lang='lat' dir='ltr'>homines,</span> <span class='ocrx_word' id='word_1_99' title='bbox 703 1100 824 1146; x_wconf 89' lang='lat' dir='ltr'>vitiis</span> <span class='ocrx_word' id='word_1_100' title='bbox 855 1100 1084 1164; x_wconf 82' lang='lat' dir='ltr'>corrupti,</span> <span class='ocrx_word' id='word_1_101' title='bbox 1117 1100 1283 1164; x_wconf 88' lang='lat' dir='ltr'>quibus</span> <span class='ocrx_word' id='word_1_102' title='bbox 1312 1117 1412 1146; x_wconf 90' lang='lat' dir='ltr'>sero</span> <span class='ocrx_word' id='word_1_103' title='bbox 1443 1101 1684 1147; x_wconf 86' lang='lat' dir='ltr'>conciones</span> <span class='ocrx_word' id='word_1_104' title='bbox 1713 1102 1869 1149; x_wconf 86' lang='lat' dir='ltr'>audire</span> 
     </span>
     <span class='ocr_line' id='line_1_13' title="bbox 232 1172 1869 1238; baseline 0.002 -21"><span class='ocrx_word' id='word_1_105' title='bbox 232 1172 371 1218; x_wconf 91' lang='lat' dir='ltr'>moris</span> <span class='ocrx_word' id='word_1_106' title='bbox 395 1185 476 1230; x_wconf 87' lang='lat' dir='ltr'>est,</span> <span class='ocrx_word' id='word_1_107' title='bbox 505 1172 555 1219; x_wconf 88' lang='lat' dir='ltr'>vt</span> <span class='ocrx_word' id='word_1_108' title='bbox 578 1191 821 1237; x_wconf 86' lang='lat' dir='ltr'>cauponas,</span> <span class='ocrx_word' id='word_1_109' title='bbox 847 1186 892 1219; x_wconf 93' lang='lat' dir='ltr'>et</span> <span class='ocrx_word' id='word_1_110' title='bbox 917 1174 974 1220; x_wconf 89' lang='lat' dir='ltr'>ad</span> <span class='ocrx_word' id='word_1_111' title='bbox 999 1186 1153 1237; x_wconf 88' lang='lat' dir='ltr'>portas</span> <span class='ocrx_word' id='word_1_112' title='bbox 1177 1186 1307 1220; x_wconf 87' lang='lat' dir='ltr'>extra</span> <span class='ocrx_word' id='word_1_113' title='bbox 1333 1190 1503 1230; x_wconf 79' lang='lat' dir='ltr'>murOS,</span> <span class='ocrx_word' id='word_1_114' title='bbox 1533 1173 1606 1220; x_wconf 90' lang='lat' dir='ltr'>vbi</span> <span class='ocrx_word' id='word_1_115' title='bbox 1630 1175 1869 1238; x_wconf 82' lang='lat' dir='ltr'>corrigun-</span> 
     </span>
     <span class='ocr_line' id='line_1_14' title="bbox 232 1247 1868 1312; baseline 0.003 -22"><span class='ocrx_word' id='word_1_116' title='bbox 232 1257 308 1291; x_wconf 86' lang='lat' dir='ltr'>tur</span> <span class='ocrx_word' id='word_1_117' title='bbox 326 1247 382 1292; x_wconf 94' lang='lat' dir='ltr'>de</span> <span class='ocrx_word' id='word_1_118' title='bbox 402 1247 536 1304; x_wconf 89' lang='lat' dir='ltr'>uitiis,</span> <span class='ocrx_word' id='word_1_119' title='bbox 557 1247 724 1311; x_wconf 90' lang='lat' dir='ltr'>quibus</span> <span class='ocrx_word' id='word_1_120' title='bbox 743 1247 900 1293; x_wconf 88' lang='lat' dir='ltr'>irretiti</span> <span class='ocrx_word' id='word_1_121' title='bbox 921 1259 1185 1295; x_wconf 91' lang='lat' dir='ltr'>cernuntur.</span> <span class='ocrx_word' id='word_1_122' title='bbox 1208 1248 1355 1312; x_wconf 86' lang='lat' dir='ltr'>Atqui</span> <span class='ocrx_word' id='word_1_123' title='bbox 1375 1249 1482 1294; x_wconf 90' lang='lat' dir='ltr'>haec</span> <span class='ocrx_word' id='word_1_124' title='bbox 1501 1261 1546 1294; x_wconf 91' lang='lat' dir='ltr'>et</span> <span class='ocrx_word' id='word_1_125' title='bbox 1569 1248 1730 1295; x_wconf 89' lang='lat' dir='ltr'>similia</span> <span class='ocrx_word' id='word_1_126' title='bbox 1748 1261 1868 1305; x_wconf 90' lang='lat' dir='ltr'>sunt,</span> 
     </span>
     <span class='ocr_line' id='line_1_15' title="bbox 234 1320 1869 1385; baseline 0.002 -20"><span class='ocrx_word' id='word_1_127' title='bbox 234 1320 399 1383; x_wconf 90' lang='lat' dir='ltr'>quibus</span> <span class='ocrx_word' id='word_1_128' title='bbox 423 1339 610 1385; x_wconf 85' lang='lat' dir='ltr'>vespere</span> <span class='ocrx_word' id='word_1_129' title='bbox 635 1321 756 1368; x_wconf 88' lang='lat' dir='ltr'>feriis</span> <span class='ocrx_word' id='word_1_130' title='bbox 781 1322 940 1368; x_wconf 89' lang='lat' dir='ltr'>Patres</span> <span class='ocrx_word' id='word_1_131' title='bbox 964 1338 1056 1367; x_wconf 87' lang='lat' dir='ltr'>sese</span> <span class='ocrx_word' id='word_1_132' title='bbox 1080 1334 1322 1384; x_wconf 89' lang='lat' dir='ltr'>occupant,</span> <span class='ocrx_word' id='word_1_133' title='bbox 1348 1338 1477 1384; x_wconf 89' lang='lat' dir='ltr'>quae,</span> <span class='ocrx_word' id='word_1_134' title='bbox 1502 1332 1554 1367; x_wconf 93' lang='lat' dir='ltr'>vt</span> <span class='ocrx_word' id='word_1_135' title='bbox 1577 1322 1755 1384; x_wconf 87' lang='lat' dir='ltr'>opinor,</span> <span class='ocrx_word' id='word_1_136' title='bbox 1776 1338 1869 1368; x_wconf 91' lang='lat' dir='ltr'>non</span> 
     </span>
     <span class='ocr_line' id='line_1_16' title="bbox 233 1396 1134 1459; baseline 0.003 -20"><span class='ocrx_word' id='word_1_137' title='bbox 233 1411 395 1457; x_wconf 89' lang='lat' dir='ltr'>parum</span> <span class='ocrx_word' id='word_1_138' title='bbox 421 1407 528 1442; x_wconf 90' lang='lat' dir='ltr'>sunt</span> <span class='ocrx_word' id='word_1_139' title='bbox 552 1407 681 1459; x_wconf 85' lang='lat' dir='ltr'>grata</span> <span class='ocrx_word' id='word_1_140' title='bbox 705 1397 828 1458; x_wconf 89' lang='lat' dir='ltr'>apud</span> <span class='ocrx_word' id='word_1_141' title='bbox 858 1396 1134 1442; x_wconf 90' lang='lat' dir='ltr'>Dominum.</span> 
     </span>
    </p>

    <p class='ocr_par' dir='ltr' id='par_1_3' title="bbox 233 1468 1871 1754">
     <span class='ocr_line' id='line_1_17' title="bbox 298 1468 1871 1532; baseline 0.002 -19"><span class='ocrx_word' id='word_1_142' title='bbox 298 1468 441 1515; x_wconf 89' lang='lat' dir='ltr'>Domi</span> <span class='ocrx_word' id='word_1_143' title='bbox 466 1469 600 1515; x_wconf 89' lang='lat' dir='ltr'>etiam</span> <span class='ocrx_word' id='word_1_144' title='bbox 626 1470 868 1516; x_wconf 88' lang='lat' dir='ltr'>dominicis</span> <span class='ocrx_word' id='word_1_145' title='bbox 900 1469 1060 1515; x_wconf 88' lang='lat' dir='ltr'>diebus</span> <span class='ocrx_word' id='word_1_146' title='bbox 1091 1485 1276 1532; x_wconf 88' lang='lat' dir='ltr'>vespere</span> <span class='ocrx_word' id='word_1_147' title='bbox 1307 1469 1364 1515; x_wconf 92' lang='lat' dir='ltr'>de</span> <span class='ocrx_word' id='word_1_148' title='bbox 1395 1469 1603 1515; x_wconf 91' lang='lat' dir='ltr'>doctrina</span> <span class='ocrx_word' id='word_1_149' title='bbox 1632 1469 1871 1516; x_wconf 90' lang='lat' dir='ltr'>christiana</span> 
     </span>
     <span class='ocr_line' id='line_1_18' title="bbox 233 1542 1869 1608; baseline 0.001 -22"><span class='ocrx_word' id='word_1_150' title='bbox 233 1558 382 1588; x_wconf 89' lang='lat' dir='ltr'>sermo</span> <span class='ocrx_word' id='word_1_151' title='bbox 407 1543 601 1589; x_wconf 91' lang='lat' dir='ltr'>habetur</span> <span class='ocrx_word' id='word_1_152' title='bbox 627 1561 766 1608; x_wconf 89' lang='lat' dir='ltr'>quem</span> <span class='ocrx_word' id='word_1_153' title='bbox 791 1543 803 1568; x_wconf 91' lang='lat'><strong>¹</strong></span> <span class='ocrx_word' id='word_1_154' title='bbox 830 1543 1031 1590; x_wconf 89' lang='lat' dir='ltr'>maximo</span> <span class='ocrx_word' id='word_1_155' title='bbox 1064 1542 1233 1606; x_wconf 89' lang='lat' dir='ltr'>gaudio</span> <span class='ocrx_word' id='word_1_156' title='bbox 1258 1542 1405 1588; x_wconf 84' lang='lat' dir='ltr'>affecti</span> <span class='ocrx_word' id='word_1_157' title='bbox 1431 1543 1644 1600; x_wconf 84' lang='lat' dir='ltr'>audiunt,</span> <span class='ocrx_word' id='word_1_158' title='bbox 1670 1559 1869 1605; x_wconf 89' lang='lat' dir='ltr'>praeser-</span> 
     </span>
     <span class='ocr_line' id='line_1_19' title="bbox 234 1615 1869 1680; baseline 0.002 -20"><span class='ocrx_word' id='word_1_159' title='bbox 234 1615 316 1660; x_wconf 90' lang='lat' dir='ltr'>tim</span> <span class='ocrx_word' id='word_1_160' title='bbox 343 1617 419 1679; x_wconf 87' lang='lat' dir='ltr'>qui</span> <span class='ocrx_word' id='word_1_161' title='bbox 446 1619 502 1663; x_wconf 88' lang='lat' dir='ltr'>ad</span> <span class='ocrx_word' id='word_1_162' title='bbox 529 1630 810 1664; x_wconf 89' lang='lat' dir='ltr'>sacramenta</span> <span class='ocrx_word' id='word_1_163' title='bbox 835 1635 967 1680; x_wconf 89' lang='lat' dir='ltr'>saepe</span> <span class='ocrx_word' id='word_1_164' title='bbox 993 1618 1227 1673; x_wconf 90' lang='lat' dir='ltr'>accedunt,</span> <span class='ocrx_word' id='word_1_165' title='bbox 1253 1617 1331 1680; x_wconf 92' lang='lat' dir='ltr'>qui</span> <span class='ocrx_word' id='word_1_166' title='bbox 1356 1628 1462 1663; x_wconf 90' lang='lat' dir='ltr'>sunt</span> <span class='ocrx_word' id='word_1_167' title='bbox 1487 1634 1580 1663; x_wconf 91' lang='lat' dir='ltr'>non</span> <span class='ocrx_word' id='word_1_168' title='bbox 1605 1617 1756 1680; x_wconf 88' lang='lat' dir='ltr'>pauci,</span> <span class='ocrx_word' id='word_1_169' title='bbox 1784 1618 1869 1663; x_wconf 92' lang='lat' dir='ltr'>vti-</span> 
     </span>
     <span class='ocr_line' id='line_1_20' title="bbox 234 1689 946 1754; baseline 0.004 -20"><span class='ocrx_word' id='word_1_170' title='bbox 234 1689 335 1735; x_wconf 88' lang='lat' dir='ltr'>liter</span> <span class='ocrx_word' id='word_1_171' title='bbox 359 1702 540 1754; x_wconf 89' lang='lat' dir='ltr'>tempus</span> <span class='ocrx_word' id='word_1_172' title='bbox 566 1704 946 1737; x_wconf 90' lang='lat' dir='ltr'>consummentes.</span> 
     </span>
    </p>

    <p class='ocr_par' dir='ltr' id='par_1_4' title="bbox 235 1764 1874 2774">
     <span class='ocr_line' id='line_1_21' title="bbox 303 1764 1870 1829; baseline 0.001 -19"><span class='ocrx_word' id='word_1_173' title='bbox 303 1764 479 1810; x_wconf 88' lang='lat' dir='ltr'>Diebus</span> <span class='ocrx_word' id='word_1_174' title='bbox 503 1766 731 1827; x_wconf 89' lang='lat' dir='ltr'>operariis,</span> <span class='ocrx_word' id='word_1_175' title='bbox 758 1765 983 1829; x_wconf 85' lang='lat' dir='ltr'>aliquibus</span> <span class='ocrx_word' id='word_1_176' title='bbox 1008 1782 1064 1811; x_wconf 87' lang='lat' dir='ltr'>ex</span> <span class='ocrx_word' id='word_1_177' title='bbox 1097 1765 1407 1811; x_wconf 91' lang='lat' dir='ltr'>sacerdotibus</span> <span class='ocrx_word' id='word_1_178' title='bbox 1437 1766 1563 1811; x_wconf 91' lang='lat' dir='ltr'>domi</span> <span class='ocrx_word' id='word_1_179' title='bbox 1594 1766 1870 1812; x_wconf 87' lang='lat' dir='ltr'>remanenti-</span> 
     </span>
     <span class='ocr_line' id='line_1_22' title="bbox 237 1837 1868 1902; baseline 0.001 -19"><span class='ocrx_word' id='word_1_180' title='bbox 237 1837 323 1883; x_wconf 88' lang='lat' dir='ltr'>bus</span> <span class='ocrx_word' id='word_1_181' title='bbox 352 1839 408 1884; x_wconf 90' lang='lat' dir='ltr'>ad</span> <span class='ocrx_word' id='word_1_182' title='bbox 439 1855 508 1896; x_wconf 91' lang='lat' dir='ltr'>ea,</span> <span class='ocrx_word' id='word_1_183' title='bbox 535 1857 650 1902; x_wconf 90' lang='lat' dir='ltr'>quae</span> <span class='ocrx_word' id='word_1_184' title='bbox 681 1839 741 1885; x_wconf 88' lang='lat' dir='ltr'>ibi</span> <span class='ocrx_word' id='word_1_185' title='bbox 775 1857 820 1885; x_wconf 89' lang='lat' dir='ltr'>se</span> <span class='ocrx_word' id='word_1_186' title='bbox 850 1839 1076 1896; x_wconf 82' lang='lat' dir='ltr'>offerunt,</span> <span class='ocrx_word' id='word_1_187' title='bbox 1103 1838 1223 1884; x_wconf 88' lang='lat' dir='ltr'>foras</span> <span class='ocrx_word' id='word_1_188' title='bbox 1256 1839 1503 1884; x_wconf 89' lang='lat' dir='ltr'>mittuntur</span> <span class='ocrx_word' id='word_1_189' title='bbox 1534 1839 1693 1902; x_wconf 87' lang='lat' dir='ltr'>reliqui</span> <span class='ocrx_word' id='word_1_190' title='bbox 1726 1839 1793 1885; x_wconf 89' lang='lat' dir='ltr'>bis</span> <span class='ocrx_word' id='word_1_191' title='bbox 1823 1839 1868 1885; x_wconf 89' lang='lat' dir='ltr'>in</span> 
     </span>
     <span class='ocr_line' id='line_1_23' title="bbox 235 1911 1870 1977; baseline 0.002 -21"><span class='ocrx_word' id='word_1_192' title='bbox 235 1911 510 1969; x_wconf 87' lang='lat' dir='ltr'>ebdomada,</span> <span class='ocrx_word' id='word_1_193' title='bbox 537 1914 850 1977; x_wconf 88' lang='lat' dir='ltr'>vnusquisque</span> <span class='ocrx_word' id='word_1_194' title='bbox 881 1914 938 1959; x_wconf 90' lang='lat' dir='ltr'>ad</span> <span class='ocrx_word' id='word_1_195' title='bbox 969 1913 1191 1976; x_wconf 87' lang='lat' dir='ltr'>hospitale</span> <span class='ocrx_word' id='word_1_196' title='bbox 1222 1914 1305 1959; x_wconf 91' lang='lat' dir='ltr'>sibi</span> <span class='ocrx_word' id='word_1_197' title='bbox 1331 1914 1583 1976; x_wconf 86' lang='lat' dir='ltr'>praefixum</span> <span class='ocrx_word' id='word_1_198' title='bbox 1616 1927 1694 1960; x_wconf 90' lang='lat' dir='ltr'>aut</span> <span class='ocrx_word' id='word_1_199' title='bbox 1723 1931 1870 1960; x_wconf 89' lang='lat' dir='ltr'>carce-</span> 
     </span>
     <span class='ocr_line' id='line_1_24' title="bbox 238 1986 1871 2045; baseline 0.002 -15"><span class='ocrx_word' id='word_1_200' title='bbox 238 2002 346 2041; x_wconf 89' lang='lat' dir='ltr'>rem,</span> <span class='ocrx_word' id='word_1_201' title='bbox 368 1986 444 2031; x_wconf 84' lang='lat' dir='ltr'>vbi</span> <span class='ocrx_word' id='word_1_202' title='bbox 471 1987 676 2033; x_wconf 85' lang='lat' dir='ltr'>infirmos</span> <span class='ocrx_word' id='word_1_203' title='bbox 699 2000 744 2033; x_wconf 91' lang='lat' dir='ltr'>et</span> <span class='ocrx_word' id='word_1_204' title='bbox 768 1987 956 2033; x_wconf 85' lang='lat' dir='ltr'>afflictos</span> <span class='ocrx_word' id='word_1_205' title='bbox 980 1987 1290 2045; x_wconf 85' lang='lat' dir='ltr'>consolantur,</span> <span class='ocrx_word' id='word_1_206' title='bbox 1311 1988 1524 2034; x_wconf 91' lang='lat' dir='ltr'>docentes</span> <span class='ocrx_word' id='word_1_207' title='bbox 1549 1988 1805 2034; x_wconf 85' lang='lat' dir='ltr'>doctrinam</span> <span class='ocrx_word' id='word_1_208' title='bbox 1825 1999 1871 2035; x_wconf 94' lang='lat' dir='ltr'>et</span> 
     </span>
     <span class='ocr_line' id='line_1_25' title="bbox 237 2060 1869 2125; baseline 0.002 -21"><span class='ocrx_word' id='word_1_209' title='bbox 237 2060 445 2116; x_wconf 88' lang='lat' dir='ltr'>modum,</span> <span class='ocrx_word' id='word_1_210' title='bbox 471 2077 564 2123; x_wconf 90' lang='lat' dir='ltr'>quo</span> <span class='ocrx_word' id='word_1_211' title='bbox 588 2061 691 2106; x_wconf 89' lang='lat' dir='ltr'>Deo</span> <span class='ocrx_word' id='word_1_212' title='bbox 716 2061 932 2106; x_wconf 87' lang='lat' dir='ltr'>inseruire</span> <span class='ocrx_word' id='word_1_213' title='bbox 962 2061 1180 2117; x_wconf 89' lang='lat' dir='ltr'>debeant,</span> <span class='ocrx_word' id='word_1_214' title='bbox 1212 2061 1478 2124; x_wconf 83' lang='lat' dir='ltr'>eliguntque</span> <span class='ocrx_word' id='word_1_215' title='bbox 1507 2078 1562 2107; x_wconf 84' lang='lat' dir='ltr'>ex</span> <span class='ocrx_word' id='word_1_216' title='bbox 1590 2062 1650 2107; x_wconf 92' lang='lat' dir='ltr'>eis</span> <span class='ocrx_word' id='word_1_217' title='bbox 1681 2062 1869 2125; x_wconf 89' lang='lat' dir='ltr'>aliquos,</span> 
     </span>
     <span class='ocr_line' id='line_1_26' title="bbox 237 2134 1870 2197; baseline 0.001 -18"><span class='ocrx_word' id='word_1_218' title='bbox 237 2134 314 2197; x_wconf 92' lang='lat' dir='ltr'>qui</span> <span class='ocrx_word' id='word_1_219' title='bbox 341 2146 539 2180; x_wconf 90' lang='lat' dir='ltr'>caeteros</span> <span class='ocrx_word' id='word_1_220' title='bbox 562 2152 667 2180; x_wconf 91' lang='lat' dir='ltr'>cum</span> <span class='ocrx_word' id='word_1_221' title='bbox 692 2135 907 2181; x_wconf 90' lang='lat' dir='ltr'>charitate</span> <span class='ocrx_word' id='word_1_222' title='bbox 931 2146 975 2180; x_wconf 91' lang='lat' dir='ltr'>et</span> <span class='ocrx_word' id='word_1_223' title='bbox 1001 2134 1222 2180; x_wconf 88' lang='lat' dir='ltr'>modestia</span> <span class='ocrx_word' id='word_1_224' title='bbox 1253 2135 1617 2181; x_wconf 90' lang='lat' dir='ltr'>animaduertant</span> <span class='ocrx_word' id='word_1_225' title='bbox 1649 2135 1693 2181; x_wconf 90' lang='lat' dir='ltr'>in</span> <span class='ocrx_word' id='word_1_226' title='bbox 1727 2135 1870 2181; x_wconf 91' lang='lat' dir='ltr'>mani-</span> 
     </span>
     <span class='ocr_line' id='line_1_27' title="bbox 240 2207 1869 2273; baseline 0.001 -20"><span class='ocrx_word' id='word_1_227' title='bbox 240 2207 378 2266; x_wconf 87' lang='lat' dir='ltr'>festis,</span> <span class='ocrx_word' id='word_1_228' title='bbox 403 2209 569 2273; x_wconf 88' lang='lat' dir='ltr'>quibus</span> <span class='ocrx_word' id='word_1_229' title='bbox 593 2209 943 2273; x_wconf 90' lang='lat' dir='ltr'>delinqu[u]nt,</span> <span class='ocrx_word' id='word_1_230' title='bbox 969 2209 1131 2271; x_wconf 90' lang='lat' dir='ltr'>culpis,</span> <span class='ocrx_word' id='word_1_231' title='bbox 1157 2209 1422 2270; x_wconf 87' lang='lat' dir='ltr'>praesertim</span> <span class='ocrx_word' id='word_1_232' title='bbox 1447 2210 1492 2255; x_wconf 89' lang='lat' dir='ltr'>in</span> <span class='ocrx_word' id='word_1_233' title='bbox 1509 2210 1798 2272; x_wconf 85' lang='lat' dir='ltr'>juramentis,</span> <span class='ocrx_word' id='word_1_234' title='bbox 1824 2209 1869 2254; x_wconf 91' lang='lat' dir='ltr'>in</span> 
     </span>
     <span class='ocr_line' id='line_1_28' title="bbox 239 2282 1872 2350; baseline -0.001 -22"><span class='ocrx_word' id='word_1_235' title='bbox 239 2283 405 2346; x_wconf 89' lang='lat' dir='ltr'>quibus</span> <span class='ocrx_word' id='word_1_236' title='bbox 437 2285 622 2350; x_wconf 78' lang='lat' dir='ltr'>correcti</span> <span class='ocrx_word' id='word_1_237' title='bbox 662 2284 705 2330; x_wconf 90' lang='lat' dir='ltr'>in</span> <span class='ocrx_word' id='word_1_238' title='bbox 743 2285 838 2330; x_wconf 89' lang='lat' dir='ltr'>dies</span> <span class='ocrx_word' id='word_1_239' title='bbox 870 2296 1102 2347; x_wconf 90' lang='lat' dir='ltr'>apparent.</span> <span class='ocrx_word' id='word_1_240' title='bbox 1143 2283 1390 2330; x_wconf 89' lang='lat' dir='ltr'>Defferunt</span> <span class='ocrx_word' id='word_1_241' title='bbox 1426 2282 1630 2340; x_wconf 89' lang='lat' dir='ltr'>forfices,</span> <span class='ocrx_word' id='word_1_242' title='bbox 1666 2282 1792 2328; x_wconf 91' lang='lat' dir='ltr'>filum</span> <span class='ocrx_word' id='word_1_243' title='bbox 1827 2294 1872 2328; x_wconf 91' lang='lat' dir='ltr'>et</span> 
     </span>
     <span class='ocr_line' id='line_1_29' title="bbox 241 2358 1870 2421; baseline 0 -19"><span class='ocrx_word' id='word_1_244' title='bbox 241 2373 345 2403; x_wconf 86' lang='lat' dir='ltr'>acus</span> <span class='ocrx_word' id='word_1_245' title='bbox 371 2369 422 2403; x_wconf 91' lang='lat' dir='ltr'>vt</span> <span class='ocrx_word' id='word_1_246' title='bbox 447 2375 622 2421; x_wconf 85' lang='lat' dir='ltr'>vngues</span> <span class='ocrx_word' id='word_1_247' title='bbox 646 2358 934 2404; x_wconf 83' lang='lat' dir='ltr'>infirmorum</span> <span class='ocrx_word' id='word_1_248' title='bbox 962 2369 1135 2421; x_wconf 87' lang='lat' dir='ltr'>parent,</span> <span class='ocrx_word' id='word_1_249' title='bbox 1167 2374 1419 2421; x_wconf 89' lang='lat' dir='ltr'>eorumque</span> <span class='ocrx_word' id='word_1_250' title='bbox 1451 2368 1597 2403; x_wconf 86' lang='lat' dir='ltr'>vestes</span> <span class='ocrx_word' id='word_1_251' title='bbox 1628 2369 1870 2414; x_wconf 88' lang='lat' dir='ltr'>consuant;</span> 
     </span>
     <span class='ocr_line' id='line_1_30' title="bbox 241 2432 1868 2496; baseline -0.003 -17"><span class='ocrx_word' id='word_1_252' title='bbox 241 2445 452 2479; x_wconf 85' lang='lat' dir='ltr'>exercent</span> <span class='ocrx_word' id='word_1_253' title='bbox 477 2433 535 2479; x_wconf 88' lang='lat' dir='ltr'>ibi</span> <span class='ocrx_word' id='word_1_254' title='bbox 561 2433 644 2479; x_wconf 88' lang='lat' dir='ltr'>alia</span> <span class='ocrx_word' id='word_1_255' title='bbox 669 2434 715 2480; x_wconf 94' lang='lat' dir='ltr'>id</span> <span class='ocrx_word' id='word_1_256' title='bbox 734 2450 878 2496; x_wconf 86' lang='lat' dir='ltr'>genus</span> <span class='ocrx_word' id='word_1_257' title='bbox 897 2434 1125 2479; x_wconf 87' lang='lat' dir='ltr'>charitatis</span> <span class='ocrx_word' id='word_1_258' title='bbox 1145 2432 1501 2494; x_wconf 88' lang='lat' dir='ltr'>humilitatisque</span> <span class='ocrx_word' id='word_1_259' title='bbox 1520 2447 1672 2493; x_wconf 90' lang='lat' dir='ltr'>opera,</span> <span class='ocrx_word' id='word_1_260' title='bbox 1691 2441 1868 2492; x_wconf 84' lang='lat' dir='ltr'>tergen-</span> 
     </span>
     <span class='ocr_line' id='line_1_31' title="bbox 242 2505 1873 2571; baseline -0.002 -19"><span class='ocrx_word' id='word_1_261' title='bbox 242 2520 308 2553; x_wconf 89' lang='lat' dir='ltr'>tes</span> <span class='ocrx_word' id='word_1_262' title='bbox 333 2507 614 2564; x_wconf 85' lang='lat' dir='ltr'>indumenta‚</span> <span class='ocrx_word' id='word_1_263' title='bbox 639 2518 763 2553; x_wconf 90' lang='lat' dir='ltr'>toros</span> <span class='ocrx_word' id='word_1_264' title='bbox 787 2519 921 2571; x_wconf 91' lang='lat' dir='ltr'>atque</span> <span class='ocrx_word' id='word_1_265' title='bbox 944 2507 1164 2565; x_wconf 87' lang='lat' dir='ltr'>cubicula,</span> <span class='ocrx_word' id='word_1_266' title='bbox 1189 2518 1271 2553; x_wconf 91' lang='lat' dir='ltr'>etc.</span> <span class='ocrx_word' id='word_1_267' title='bbox 1300 2507 1424 2552; x_wconf 88' lang='lat' dir='ltr'>Inter</span> <span class='ocrx_word' id='word_1_268' title='bbox 1449 2506 1555 2551; x_wconf 89' lang='lat' dir='ltr'>haec</span> <span class='ocrx_word' id='word_1_269' title='bbox 1579 2522 1624 2550; x_wconf 90' lang='lat' dir='ltr'>se</span> <span class='ocrx_word' id='word_1_270' title='bbox 1657 2505 1873 2567; x_wconf 87' lang='lat' dir='ltr'>ingerunt</span> 
     </span>
     <span class='ocr_line' id='line_1_32' title="bbox 243 2580 1872 2645; baseline -0.002 -19"><span class='ocrx_word' id='word_1_271' title='bbox 243 2581 339 2637; x_wconf 88' lang='lat' dir='ltr'>alia,</span> <span class='ocrx_word' id='word_1_272' title='bbox 378 2592 426 2626; x_wconf 90' lang='lat' dir='ltr'>vt</span> <span class='ocrx_word' id='word_1_273' title='bbox 457 2598 617 2644; x_wconf 83' lang='lat' dir='ltr'>aegros</span> <span class='ocrx_word' id='word_1_274' title='bbox 647 2581 827 2627; x_wconf 89' lang='lat' dir='ltr'>visitare</span> <span class='ocrx_word' id='word_1_275' title='bbox 858 2598 1110 2645; x_wconf 91' lang='lat' dir='ltr'>eorumque</span> <span class='ocrx_word' id='word_1_276' title='bbox 1141 2593 1322 2643; x_wconf 91' lang='lat' dir='ltr'>peccata</span> <span class='ocrx_word' id='word_1_277' title='bbox 1352 2580 1526 2636; x_wconf 90' lang='lat' dir='ltr'>audire,</span> <span class='ocrx_word' id='word_1_278' title='bbox 1553 2595 1735 2642; x_wconf 91' lang='lat' dir='ltr'>eosque,</span> <span class='ocrx_word' id='word_1_279' title='bbox 1765 2595 1872 2624; x_wconf 91' lang='lat' dir='ltr'>cum</span> 
     </span>
     <span class='ocr_line' id='line_1_33' title="bbox 243 2650 1874 2718; baseline -0.002 -19"><span class='ocrx_word' id='word_1_280' title='bbox 243 2654 496 2712; x_wconf 89' lang='lat' dir='ltr'>discedunt,</span> <span class='ocrx_word' id='word_1_281' title='bbox 531 2655 763 2718; x_wconf 88' lang='lat' dir='ltr'>adjuuare,</span> <span class='ocrx_word' id='word_1_282' title='bbox 796 2667 841 2700; x_wconf 90' lang='lat' dir='ltr'>et</span> <span class='ocrx_word' id='word_1_283' title='bbox 873 2666 924 2700; x_wconf 89' lang='lat' dir='ltr'>vt</span> <span class='ocrx_word' id='word_1_284' title='bbox 953 2654 998 2699; x_wconf 90' lang='lat' dir='ltr'>in</span> <span class='ocrx_word' id='word_1_285' title='bbox 1030 2653 1236 2699; x_wconf 90' lang='lat' dir='ltr'>Domino</span> <span class='ocrx_word' id='word_1_286' title='bbox 1273 2652 1544 2709; x_wconf 88' lang='lat' dir='ltr'>moriantur,</span> <span class='ocrx_word' id='word_1_287' title='bbox 1585 2667 1762 2707; x_wconf 91' lang='lat' dir='ltr'>curare;</span> <span class='ocrx_word' id='word_1_288' title='bbox 1805 2650 1874 2696; x_wconf 90' lang='lat' dir='ltr'>his</span> 
     </span>
     <span class='ocr_line' id='line_1_34' title="bbox 243 2728 1139 2774; baseline -0.001 -1"><span class='ocrx_word' id='word_1_289' title='bbox 243 2739 394 2773; x_wconf 90' lang='lat' dir='ltr'>autem</span> <span class='ocrx_word' id='word_1_290' title='bbox 423 2729 555 2774; x_wconf 91' lang='lat' dir='ltr'>nimis</span> <span class='ocrx_word' id='word_1_291' title='bbox 579 2729 903 2774; x_wconf 76' lang='lat' dir='ltr'>circumstantes</span> <span class='ocrx_word' id='word_1_292' title='bbox 924 2728 1139 2774; x_wconf 90' lang='lat' dir='ltr'>solantur.</span> 
     </span>
    </p>

    <p class='ocr_par' dir='ltr' id='par_1_5' title="bbox 243 2798 1876 3009">
     <span class='ocr_line' id='line_1_35' title="bbox 307 2798 1876 2866; baseline -0.003 -19"><span class='ocrx_word' id='word_1_293' title='bbox 307 2802 388 2847; x_wconf 90' lang='lat' dir='ltr'>Ad</span> <span class='ocrx_word' id='word_1_294' title='bbox 424 2803 594 2865; x_wconf 89' lang='lat' dir='ltr'>oppida</span> <span class='ocrx_word' id='word_1_295' title='bbox 625 2803 729 2848; x_wconf 92' lang='lat' dir='ltr'>hinc</span> <span class='ocrx_word' id='word_1_296' title='bbox 759 2803 968 2849; x_wconf 89' lang='lat' dir='ltr'>distantia</span> <span class='ocrx_word' id='word_1_297' title='bbox 998 2803 1135 2866; x_wconf 87' lang='lat' dir='ltr'>aliqui</span> <span class='ocrx_word' id='word_1_298' title='bbox 1174 2817 1231 2847; x_wconf 87' lang='lat' dir='ltr'>ex</span> <span class='ocrx_word' id='word_1_299' title='bbox 1267 2800 1431 2846; x_wconf 88' lang='lat' dir='ltr'>nostris</span> <span class='ocrx_word' id='word_1_300' title='bbox 1471 2798 1735 2862; x_wconf 88' lang='lat' dir='ltr'>perigrinati</span> <span class='ocrx_word' id='word_1_301' title='bbox 1768 2809 1876 2843; x_wconf 89' lang='lat' dir='ltr'>sunt</span> 
     </span>
     <span class='ocr_line' id='line_1_36' title="bbox 246 2871 1874 2939; baseline -0.004 -17"><span class='ocrx_word' id='word_1_302' title='bbox 246 2877 419 2939; x_wconf 88' lang='lat' dir='ltr'>(quod,</span> <span class='ocrx_word' id='word_1_303' title='bbox 451 2888 501 2922; x_wconf 94' lang='lat' dir='ltr'>vt</span> <span class='ocrx_word' id='word_1_304' title='bbox 530 2876 748 2933; x_wconf 87' lang='lat' dir='ltr'>arbitror,</span> <span class='ocrx_word' id='word_1_305' title='bbox 778 2877 977 2923; x_wconf 91' lang='lat' dir='ltr'>multum</span> <span class='ocrx_word' id='word_1_306' title='bbox 1008 2877 1112 2922; x_wconf 91' lang='lat' dir='ltr'>Deo</span> <span class='ocrx_word' id='word_1_307' title='bbox 1143 2874 1354 2938; x_wconf 88' lang='lat' dir='ltr'>placuit).</span> <span class='ocrx_word' id='word_1_308' title='bbox 1393 2873 1495 2919; x_wconf 91' lang='lat' dir='ltr'>Bini</span> <span class='ocrx_word' id='word_1_309' title='bbox 1527 2873 1646 2918; x_wconf 91' lang='lat' dir='ltr'>missi</span> <span class='ocrx_word' id='word_1_310' title='bbox 1681 2883 1788 2917; x_wconf 89' lang='lat' dir='ltr'>sunt</span> <span class='ocrx_word' id='word_1_311' title='bbox 1818 2871 1874 2916; x_wconf 91' lang='lat' dir='ltr'>ad</span> 
     </span>
     <span class='ocr_line' id='line_1_37' title="bbox 243 2943 1875 3009; baseline -0.003 -15"><span class='ocrx_word' id='word_1_312' title='bbox 243 2949 511 2995; x_wconf 88' lang='lat' dir='ltr'>comitatum</span> <span class='ocrx_word' id='word_1_313' title='bbox 537 2951 594 2996; x_wconf 92' lang='lat' dir='ltr'>de</span> <span class='ocrx_word' id='word_1_314' title='bbox 616 2949 796 3007; x_wconf 90' lang='lat' dir='ltr'>Niebla,</span> <span class='ocrx_word' id='word_1_315' title='bbox 823 2950 922 3007; x_wconf 89' lang='lat' dir='ltr'>vbi,</span> <span class='ocrx_word' id='word_1_316' title='bbox 950 2949 1111 2996; x_wconf 88' lang='lat' dir='ltr'>morati</span> <span class='ocrx_word' id='word_1_317' title='bbox 1137 2964 1289 2994; x_wconf 89' lang='lat' dir='ltr'>mense</span> <span class='ocrx_word' id='word_1_318' title='bbox 1314 2963 1424 3004; x_wconf 91' lang='lat' dir='ltr'>vno,</span> <span class='ocrx_word' id='word_1_319' title='bbox 1449 2963 1530 3009; x_wconf 89' lang='lat' dir='ltr'>per</span> <span class='ocrx_word' id='word_1_320' title='bbox 1562 2945 1732 3008; x_wconf 89' lang='lat' dir='ltr'>oppida</span> <span class='ocrx_word' id='word_1_321' title='bbox 1757 2943 1875 2990; x_wconf 89' lang='lat' dir='ltr'>illius</span> 
     </span>
    </p>
   </div>
   <div class='ocr_carea' id='block_1_3' title="bbox 299 3109 551 3160">
    <p class='ocr_par' dir='ltr' id='par_1_6' title="bbox 299 3109 551 3160">
     <span class='ocr_line' id='line_1_38' title="bbox 299 3109 551 3160; baseline 0.008 -14"><span class='ocrx_word' id='word_1_322' title='bbox 299 3109 311 3134; x_wconf 84' lang='lat'><strong>¹</strong></span> <span class='ocrx_word' id='word_1_323' title='bbox 367 3111 440 3148; x_wconf 82' lang='lat' dir='ltr'>Ms.</span> <span class='ocrx_word' id='word_1_324' title='bbox 461 3122 551 3160; x_wconf 83' lang='lat' dir='ltr'><em>quo.</em></span> 
     </span>
    </p>
   </div>
  </div>
 </body>
</html>
