2014 3528
0 0 79 27 τᾳ»
90 0 114 21 ,κ

819 296 865 336 18
893 307 997 345 JUNu
1032 295 1131 347 1556
1656 294 1731 348 361

162 421 278 452 cosa.
304 404 346 451 Si
374 405 431 452 V.
461 405 520 451 R.
548 415 725 468 potesse
750 405 905 451 hauer'
928 404 1210 451 commodita
1238 404 1282 450 di
1315 403 1458 450 venir'
1484 403 1630 450 insino
1655 421 1680 450 a
1709 404 1786 468 qui

160 496 242 543 per
260 478 405 525 alcuni
430 479 593 542 giorni,
613 479 656 525 io
675 495 817 542 penso
835 479 917 525 che
943 495 997 525 ne
1022 477 1227 542 pigliaria
1247 477 1427 541 piacer’,
1446 489 1491 524 et
1512 478 1625 525 saria
1645 479 1788 525 molto

157 553 266 599 vtile
292 569 373 616 per
404 550 502 598 farli
534 551 617 598 far'
644 565 915 599 testamento
941 553 1186 611 autentico,
1211 553 1396 615 perche,
1421 552 1455 598 si
1482 553 1575 599 Dio
1600 552 1644 598 lo
1668 553 1786 599 chia-

158 644 315 684 masse,
341 627 385 673 io
409 644 551 690 penso
575 627 657 674 che
682 627 988 675 haueressimo
1012 628 1069 674 da
1094 625 1176 673 far'
1201 644 1286 673 con
1313 627 1340 672 li
1366 629 1463 674 suoi
1491 628 1682 690 parenti,
1706 628 1788 674 che

155 701 230 765 gia
256 718 310 747 ne
334 701 486 748 hanno
510 702 686 765 parlato
711 702 750 748 al
777 714 934 748 nostro
952 719 1109 749 cuoco:
1135 702 1178 748 io
1205 718 1295 747 non
1322 702 1349 748 li
1376 702 1531 765 voglio
1555 702 1641 748 dir’
1661 703 1788 749 nien-

156 787 215 834 te,
234 776 503 839 espettando
531 776 585 823 V.
614 777 692 835 R.,
718 794 799 840 per
825 794 917 822 non
940 776 1242 834 contristarlo‚
1270 776 1435 839 perche
1461 777 1573 823 altra
1599 777 1725 824 volta
1744 778 1788 824 io

157 850 183 896 li
211 850 272 897 ho
303 850 477 914 parlato
506 851 551 898 di
583 851 756 915 quello,
789 863 834 898 et
867 869 957 898 non
991 851 1034 897 lo
1065 850 1202 915 piglia
1233 862 1370 914 tropo
1401 851 1530 899 bene.
1559 852 1787 899 Almanco

157 925 217 973 V.
245 925 307 972 R.
335 925 395 971 mi
420 925 557 971 scriui
583 925 736 989 quello
762 926 845 972 che
869 926 896 971 li
922 942 1049 989 pare,
1076 925 1241 989 perche
1267 925 1310 971 io
1336 941 1428 971 non
1455 937 1575 973 resto
1598 938 1786 973 conten-

156 1012 219 1058 to,
244 1000 278 1046 si
305 1017 396 1046 non
422 999 467 1046 fa
491 1000 644 1065 quello
670 1001 820 1047 inanzi
845 1001 928 1046 che
953 1000 996 1046 io
1022 1000 1083 1047 mi
1108 1000 1224 1063 parti
1247 999 1274 1046 ¹.

221 1075 413 1137 Quanto
438 1075 476 1121 al
502 1073 651 1122 frutto
674 1076 756 1122 che
780 1075 874 1121 Dio
899 1074 944 1121 fa
968 1092 1048 1138 per
1071 1074 1111 1121 le
1136 1074 1355 1138 prediche
1379 1086 1424 1120 et
1447 1073 1734 1133 confessioni,
1761 1077 1786 1122 6

154 1160 299 1206 tanto,
324 1149 408 1195 che
433 1149 476 1195 io
501 1149 563 1196 ho
587 1149 823 1196 occasione
847 1149 904 1195 de
932 1147 1268 1196 confundermi.
1295 1149 1350 1195 In
1380 1148 1496 1194 Lilla
1520 1149 1563 1194 io
1594 1149 1654 1195 ho
1685 1166 1787 1213 per-

154 1236 362 1271 seuerato
381 1235 499 1271 tutta
520 1225 559 1271 la
578 1237 753 1281 octaua,
773 1235 817 1270 et
836 1225 946 1289 ogni
970 1225 1135 1289 giorno
1154 1241 1361 1270 cresceua
1381 1224 1623 1270 lauditorio
1642 1236 1786 1282 tanto,

155 1299 237 1345 che
263 1298 445 1345 lultimo
469 1300 633 1363 giorno
658 1300 701 1345 io
726 1300 938 1363 predicay
963 1300 1052 1346 due
1078 1299 1202 1356 volte
1232 1299 1276 1345 in
1303 1300 1392 1346 due
1416 1299 1594 1346 diverse
1624 1299 1787 1346 chiesie

154 1374 421 1437 principale,
446 1385 490 1420 et
524 1375 567 1420 ni
602 1374 708 1420 luna
739 1375 783 1421 ni
814 1374 944 1420 laltra
975 1386 1146 1437 poteua
1175 1374 1314 1437 capir’
1346 1375 1385 1420 la
1416 1385 1572 1438 gente,
1600 1375 1674 1421 del
1705 1375 1786 1421 che

155 1448 299 1494 molto
323 1449 356 1494 si
384 1449 745 1512 maruigliauano
771 1450 893 1506 tutti,
920 1449 1128 1495 massime
1152 1448 1236 1495 che
1262 1449 1303 1494 la
1326 1449 1488 1505 chiesa,
1514 1449 1634 1494 doue
1658 1449 1701 1495 io
1727 1449 1787 1494 ho

154 1524 388 1587 predicato
418 1525 525 1587 ogni
560 1524 739 1587 giorno,
766 1525 813 1581 e,
846 1525 882 1569 al
917 1524 1009 1569 mio
1042 1525 1204 1586 parer’,
1230 1525 1320 1570 due
1350 1524 1473 1570 volte
1504 1524 1583 1587 pisi
1616 1525 1787 1588 grande

154 1597 237 1644 che
269 1597 419 1662 quella
448 1598 494 1645 di
527 1599 618 1645 Sto.
654 1597 858 1644 Michele
889 1597 933 1644 in
966 1597 1198 1655 Louanio,
1223 1614 1251 1643 o
1282 1614 1399 1661 poco
1432 1614 1608 1645 manco.
1636 1598 1787 1644 Vene-

155 1689 309 1718 uanno
342 1672 487 1719 alcuni
522 1673 566 1719 di
602 1673 768 1720 Ganda
802 1689 882 1736 per
913 1672 1082 1730 sentir’‚
1113 1673 1195 1718 che
1229 1689 1343 1718 sono
1380 1688 1432 1734 13
1470 1672 1654 1737 leughe,
1687 1673 1786 1719 altri

154 1746 283 1793 molti
308 1747 354 1794 di
383 1762 425 1809 5,
445 1748 490 1795 di
515 1766 560 1807 4,
580 1759 626 1794 et
649 1748 694 1794 di
720 1759 789 1794 tre
814 1747 976 1812 leughe
997 1747 1025 1794 ².
1056 1747 1264 1794 Lultimo
1288 1748 1452 1811 giorno
1473 1747 1502 1794 il
1523 1748 1787 1812 magistrato

155 1821 217 1867 rni
244 1823 416 1869 mando
442 1839 466 1868 a
498 1823 768 1886 ringratiar';
795 1833 840 1868 et
865 1822 1030 1886 perche
1057 1822 1296 1869 haueuano
1326 1823 1492 1868 sentito
1522 1822 1608 1869 dir'
1634 1823 1715 1868 che
1745 1823 1788 1868 io

156 1912 246 1942 non
273 1896 473 1960 pigliaua
497 1897 676 1956 danari,
703 1898 764 1944 mi
792 1896 1011 1943 faceuano
1038 1909 1246 1960 presente
1270 1898 1314 1944 di
1348 1912 1403 1943 12
1428 1897 1572 1944 bocali
1596 1898 1641 1945 di
1670 1898 1790 1956 vino,

154 1987 246 2015 non
282 1987 363 2033 per
395 1972 538 2018 modo
571 1972 617 2018 di
650 1971 973 2028 satisfattione‚
1007 1989 1081 2018 ma
1111 1972 1362 2019 solamente
1395 1990 1477 2036 per
1511 1973 1721 2020 mostrar’
1752 1974 1791 2020 el

153 2046 456 2107 grandissimo
488 2046 650 2109 piacer'
678 2047 760 2093 che
793 2047 1033 2093 haueuano
1065 2059 1282 2110 receputo
1312 2048 1430 2094 delle
1463 2060 1615 2095 nostre
1642 2049 1791 2112 predi-

154 2119 236 2165 che
260 2120 420 2182 (como
439 2121 702 2183 diceuano),
722 2122 1033 2185 pregandome
1053 2123 1137 2168 che
1157 2123 1200 2168 io
1219 2123 1463 2170 ritornasse
1486 2123 1515 2170 il
1536 2124 1616 2186 pisi
1639 2137 1793 2187 presto

152 2193 235 2239 che
260 2194 303 2240 io
330 2207 522 2257 potesse,
543 2197 705 2259 poiche
730 2198 773 2242 io
801 2213 891 2242 non
912 2197 1123 2243 desidero
1147 2197 1276 2243 sinon
1304 2197 1344 2243 la
1368 2197 1510 2244 salute
1528 2198 1599 2244 del
1626 2199 1790 2257 anime,

153 2279 197 2313 et
227 2269 308 2314 che
342 2270 372 2315 11
405 2270 438 2316 si
472 2270 638 2316 offriua
670 2271 969 2335 grandissima
1001 2271 1233 2318 occasione
1267 2282 1313 2318 et
1349 2272 1453 2317 anzi
1489 2272 1791 2335 grandissimo

153 2340 313 2389 frutto.
350 2344 407 2389 Io
439 2361 530 2390 non
565 2344 691 2391 volse
722 2345 898 2408 pigliar'
927 2345 1102 2404 niente,
1132 2346 1358 2393 dicendoli
1390 2346 1494 2405 che,
1520 2347 1719 2393 secondo
1750 2346 1790 2392 le

152 2417 489 2475 constitutioni,
518 2435 609 2465 non
637 2420 864 2482 possiamo
895 2419 1074 2483 pigliar'
1100 2419 1144 2465 ni
1170 2419 1347 2476 danari,
1374 2420 1417 2466 ni
1453 2419 1590 2479 altro,
1615 2421 1789 2485 ringra-

154 2490 341 2538 tiandoli
366 2492 438 2539 del
464 2492 621 2539 buono
646 2493 799 2540 animo
825 2493 938 2551 loro,
959 2494 1283 2557 promettendo
1306 2494 1403 2551 che,
1427 2494 1641 2541 hauendo
1664 2511 1788 2541 com-

155 2566 345 2624 modita,
371 2567 414 2613 io
441 2568 587 2614 molto
613 2568 856 2614 voluntieri
882 2568 1121 2614 ritornaria
1145 2568 1190 2614 in
1218 2568 1347 2615 Lilla.
1379 2568 1522 2615 Molti
1548 2569 1609 2615 mi
1634 2569 1789 2615 hanno

153 2640 298 2697 detto,
317 2640 399 2687 che
424 2642 692 2688 moltissime
717 2642 900 2688 heretici
927 2643 962 2688 si
988 2659 1135 2688 sonno
1159 2641 1352 2700 confusi,
1379 2643 1406 2689 li
1432 2643 1656 2689 vacillanti
1680 2661 1787 2690 con-

152 2713 340 2772 firmati,
373 2728 418 2762 et
450 2716 478 2762 li
509 2716 714 2764 catholici
748 2717 892 2763 molto
923 2718 1103 2764 excitati
1135 2735 1160 2763 a
1189 2718 1425 2765 diuotione
1457 2730 1502 2765 et
1535 2719 1787 2765 reuerentia

208 2858 221 2883 ¹
280 2861 377 2898 ‹Ivit
402 2873 447 2898 eo
474 2859 764 2915 [Rivadeneira]
798 2874 882 2900 cum
912 2864 1027 2900 fratre
1055 2864 1260 2901 Francisco
1293 2865 1500 2910 Ghiraldo,
1535 2868 1573 2901 et
1606 2875 1784 2912 magnam

153 2923 282 2959 retulit
313 2925 619 2961 consolationem
654 2937 701 2962 ex
736 2937 866 2962 eorum
900 2927 1086 2963 charitate
1115 2931 1151 2963 et
1177 2928 1282 2974 zelo,
1318 2938 1393 2974 quo
1425 2928 1463 2963 in
1490 2927 1603 2963 vinea
1627 2928 1783 2964 Domi'ni

153 2987 381 3023 laborabant
409 2993 445 3024 et
472 2989 542 3024 toti
570 2989 716 3026 civitati
749 2990 1007 3026 aedificationi
1035 2994 1181 3027 erant».
1203 2990 1418 3036 POLANCO‚
1445 2994 1470 3027 t.
1491 2998 1555 3035 VI,
1582 3001 1670 3036 pag.
1692 3001 1782 3037 472,

153 3059 243 3096 473,
264 3059 300 3085 n.
323 3051 437 3087 2028.

206 3108 223 3133 2
275 3111 488 3159 POLANCO‚
509 3116 535 3151 t.
555 3121 619 3160 Vl,
639 3124 726 3161 pag.
747 3124 843 3163 473,
865 3126 901 3152 n.
926 3125 1046 3163 2034,
1067 3114 1131 3151 ubi
1159 3118 1286 3154 tamen
1306 3125 1503 3163 perperam
1537 3111 1691 3155 Gauda
1710 3126 1779 3164 pro

159 3170 312 3212 Ganda
330 3174 481 3224 legitur.
