2066 3516
326 243 400 282 154
788 230 1026 269 prsromss
1054 231 1391 270 Mutua—1080

265 338 420 402 quello
445 338 526 383 che
551 336 871 395 domandano‚
895 349 940 383 et
972 337 1071 384 loro
1105 354 1186 401 per
1216 355 1289 384 me
1321 338 1726 402 procurarebbono
1760 338 1806 385 d'
1841 338 1910 384 in-

266 413 441 459 tender'
477 411 548 457 del
579 421 737 457 nostro
778 410 979 470 fratello,
1022 412 1209 458 Giouan
1248 412 1484 472 Guttano‚
1517 425 1562 459 et
1601 413 1800 459 anchora
1831 429 1912 459 sua

269 486 557 542 redentione,
593 497 637 531 et
667 486 855 549 quando
888 486 1149 550 bissognase
1190 502 1279 533 100
1320 488 1456 546 scuti,
1494 505 1523 534 o
1558 487 1638 550 piu
1675 504 1703 533 o
1735 503 1911 544 manco,

268 559 612 606 trouarebbono
650 576 845 622 persona
884 560 966 605 che
1008 560 1035 606 li
1074 559 1443 607 sbursarebbono
1482 577 1563 624 per
1600 561 1695 620 noi,
1728 560 1827 607 loro
1867 560 1912 606 in

270 645 433 697 questo
465 650 595 696 paese
626 650 807 697 sempre
839 651 987 680 sonno
1020 634 1122 680 stati
1161 634 1323 698 grandi
1357 635 1488 681 amici
1523 635 1632 691 mei;
1670 634 1912 693 ordenaro,

269 708 457 753 innanzi
483 707 555 753 ch'
581 708 624 754 io
651 708 712 754 mi
739 719 888 771 parta,
914 726 1001 755 con
1026 708 1126 755 loro
1153 721 1327 769 quanto
1352 711 1386 755 s'
1413 710 1472 756 ha
1495 710 1553 757 da
1577 709 1687 758 fare.

337 783 642 829 Riceuemmo
667 800 691 828 a
720 798 745 830 2
773 784 818 830 di
845 783 1120 830 Nouembre
1145 783 1301 830 lettere
1332 785 1583 848 duplicate,
1615 785 1705 832 due
1735 801 1816 848 per
1841 801 1914 831 me

266 868 315 902 et
338 857 428 903 due
454 873 536 920 per
559 856 715 903 Giulio
736 857 768 915 ¹,
794 869 839 903 et
863 858 994 921 copia
1014 857 1042 903 l'
1072 874 1164 904 una
1182 858 1287 904 dell’
1315 858 1440 905 altra.
1469 859 1602 905 Delle
1627 860 1715 905 mie
1735 859 1797 905 mi
1818 858 1912 922 par'

266 933 352 977 che
378 933 437 977 ho
463 931 659 995 risposto
686 932 1141 996 quantosbisognaua
1166 950 1190 978 a
1215 934 1255 979 S.
1286 933 1356 990 Ρ.,
1388 946 1433 980 et
1463 932 1634 980 furono
1665 934 1818 980 scritte
1842 933 1913 980 alli

272 1020 300 1066 9
323 1004 366 1052 d’
392 1006 590 1069 Agosto.
619 1007 811 1068 Quanto
836 1007 920 1053 alla
945 1007 1139 1071 risposta
1163 1007 1208 1054 di
1234 1007 1382 1071 quelle
1406 1007 1452 1055 di
1478 1008 1658 1065 Giulio,
1684 1007 1758 1055 dal
1782 1020 1916 1054 canto

266 1097 353 1126 suo
395 1097 487 1126 non
532 1081 590 1126 ha
633 1093 866 1140 mancato,
897 1082 979 1128 che
1013 1099 1107 1127 non
1148 1081 1314 1128 habbia
1355 1093 1577 1128 mostrato
1616 1082 1918 1146 grandissima

266 1156 443 1202 charita
467 1167 512 1202 et
538 1155 775 1202 dilettione
801 1173 932 1202 uerso
964 1156 1010 1202 di
1046 1173 1118 1202 me
1150 1156 1267 1202 nella
1298 1157 1386 1202 mia
1419 1156 1672 1214 infermita,
1705 1168 1751 1203 et
1784 1173 1918 1221 gran—

267 1230 453 1276 dissima
478 1230 707 1292 patientia.
736 1230 913 1276 Perche
934 1231 1021 1276 ben
1044 1243 1199 1293 sapete
1218 1231 1316 1289 che,
1341 1231 1467 1294 [per]
1492 1230 1752 1278 conuersar’
1774 1247 1917 1287 meco,

271 1305 462 1367 bisogna
487 1305 642 1350 hauer'
669 1305 843 1367 grande
867 1305 1104 1368 patientia,
1129 1316 1175 1351 et
1206 1305 1303 1368 poi,
1334 1305 1684 1369 sopragiontoui
1717 1305 1916 1352 anchora

268 1389 397 1424 tanta
428 1395 569 1442 graue
596 1377 853 1435 infermita,
879 1378 953 1425 dal
986 1390 1120 1425 canto
1144 1396 1227 1425 suo
1262 1380 1306 1425 ui
1339 1380 1443 1426 dico
1476 1397 1568 1426 non
1602 1380 1661 1425 ha
1686 1390 1913 1437 mancato,

272 1469 346 1498 ma
373 1452 416 1498 io
443 1469 493 1498 so
519 1453 563 1497 in
589 1453 694 1516 quel
719 1453 802 1499 che
826 1454 888 1499 ho
916 1465 1127 1500 mancato
1151 1455 1197 1501 di
1223 1455 1376 1519 quello
1399 1455 1470 1502 ch’
1498 1456 1541 1502 io
1565 1456 1765 1502 doueua.

336 1529 424 1576 Ho
449 1530 595 1576 inteso
619 1530 691 1576 del
724 1529 934 1593 generale
968 1530 1072 1577 delli
1106 1529 1210 1577 frati
1246 1531 1537 1577 conuentuali
1570 1531 1615 1578 di
1650 1531 1738 1577 San
1777 1530 1920 1576 Fran-

266 1621 397 1651 cesco
425 1604 464 1649 la
489 1604 804 1668 persecutione
829 1605 911 1650 che
936 1604 964 1651 li
990 1605 1134 1651 nostri
1167 1605 1211 1651 in
1246 1606 1467 1669 Saragosa
1499 1606 1652 1651 hanno
1683 1606 1860 1651 hauuto
1888 1602 1917 1660 ²,

270 1691 316 1725 et
340 1696 471 1725 come
498 1696 612 1725 sono
637 1679 739 1725 stati
767 1679 947 1726 cacciati
975 1679 1093 1726 dalla
1117 1680 1241 1738 citta,
1269 1691 1314 1726 et
1338 1681 1466 1743 dopo
1494 1679 1688 1737 rimessi‚
1715 1690 1760 1726 et
1783 1679 1865 1725 che
1890 1678 1918 1724 li

269 1754 375 1801 frati
417 1755 462 1800 di
497 1766 628 1800 santo
661 1754 896 1818 Agostino
928 1754 962 1800 si
1000 1771 1115 1800 sono
1149 1755 1356 1801 mostrati
1389 1754 1558 1801 ualenti
1602 1754 1645 1800 in
1686 1752 1920 1816 persequi-

269 1829 418 1893 targli.
445 1828 498 1874 Se
524 1828 599 1874 tal‘
627 1828 825 1891 ingiuria
850 1826 972 1873 fusse
996 1839 1114 1873 stata
1140 1826 1254 1874 fatta
1279 1828 1362 1873 alla
1389 1828 1480 1874 mia
1504 1827 1690 1891 propria
1709 1843 1917 1889 persona,

268 1919 355 1949 son
389 1903 436 1948 di
469 1914 632 1965 questo
666 1903 840 1950 animo:
873 1902 956 1948 che
992 1902 1034 1948 la
1068 1902 1308 1965 patirebbe
1339 1919 1422 1965 per
1455 1919 1586 1948 amor
1616 1901 1662 1948 di
1698 1902 1813 1958 Dio;
1845 1916 1920 1946 ma

272 1978 438 2042 perche
465 1977 488 2023 ἐ
516 1976 630 2022 fatta
655 1977 695 2022 al
721 1994 864 2040 corpo
891 1976 1010 2023 della
1037 1976 1345 2040 Compagnia,
1365 1977 1424 2034 io,
1451 1977 1485 2022 s'
1507 1977 1550 2023 io
1575 1987 1767 2039 potesse,
1794 1991 1854 2021 no
1879 1974 1919 2020 la

271 2051 470 2097 lasciarei
496 2051 745 2113 impunita,
771 2051 958 2115 quando
983 2050 1044 2096 tal
1069 2051 1311 2114 punitione
1336 2063 1513 2114 potesse
1547 2050 1630 2096 far’
1657 2050 1703 2096 in
1735 2049 1851 2095 bene
1875 2060 1920 2095 et

273 2127 405 2173 laude
429 2126 547 2173 della
573 2126 884 2190 Compagnia3
916 2138 962 2172 et
992 2137 1156 2189 questo
1189 2126 1313 2172 accio
1349 2125 1455 2172 nell'
1489 2126 1600 2172 altre
1634 2125 1750 2188 parti
1785 2123 1919 2170 simili

271 2218 463 2264 persone
490 2217 582 2247 non
607 2201 848 2246 hauessero
873 2199 1009 2247 ardir'
1033 2200 1079 2247 di
1105 2200 1265 2246 leuarsi
1291 2212 1452 2247 contra
1469 2200 1517 2247 di
1543 2199 1705 2264 quella.
1735 2198 1917 2260 Questo

269 2276 391 2332 dico,
418 2293 498 2338 per
524 2277 665 2321 modo
690 2276 735 2322 di
761 2274 936 2321 referir'
962 2292 986 2321 a
1011 2275 1067 2322 V.
1099 2276 1158 2321 R.

341 2349 623 2407 Procuraro,
648 2348 800 2394 inanzi
833 2349 905 2394 ch'
933 2348 976 2394 io
1009 2348 1070 2394 mi
1096 2360 1247 2411 parta,
1278 2347 1362 2394 che
1394 2347 1433 2393 le
1459 2358 1614 2393 nostre
1646 2346 1767 2393 bolle
1791 2346 1918 2393 siano

271 2435 495 2469 annexate
522 2422 594 2468 nel
622 2422 910 2486 parlamento
936 2423 981 2468 in
1007 2423 1126 2481 Aix,
1153 2422 1319 2485 perche
1352 2438 1658 2485 monsegnore
1686 2420 1716 2478 ³,
1750 2420 1796 2477 lo
1827 2420 1919 2483 pri-

275 2515 402 2544 mero
445 2500 551 2557 [sic]
596 2497 879 2560 presidente,
919 2509 964 2544 et
994 2497 1120 2562 quasi
1161 2497 1202 2542 la
1235 2496 1446 2560 maggior
1475 2507 1603 2559 parte
1644 2497 1702 2543 de
1744 2495 1852 2542 tutti
1890 2494 1919 2541 li

270 2573 444 2636 signori
468 2572 543 2618 del
564 2572 864 2635 parlamento‚
885 2589 1000 2618 sono
1025 2571 1314 2635 grandissimi
1333 2571 1463 2617 amici
1484 2571 1606 2627 miei,
1625 2583 1671 2617 et
1689 2571 1735 2617 in
1759 2569 1919 2633 spetial

273 2647 303 2693 il
337 2647 489 2710 primo
524 2647 783 2710 presidente
816 2648 1040 2710 Dupeda,
1065 2658 1110 2693 et
1139 2646 1175 2692 si
1201 2646 1298 2692 dice
1323 2647 1421 2692 che'
1450 2646 1460 2691 l
1486 2663 1630 2709 regno
1655 2645 1701 2692 di
1729 2644 1921 2690 Francia

276 2738 368 2767 non
396 2722 453 2766 ha
484 2738 547 2766 un
582 2721 778 2785 meglior
809 2722 1081 2778 christiano,
1113 2720 1292 2767 zelante
1324 2720 1440 2766 della
1470 2718 1574 2766 fede
1603 2718 1844 2776 catholica,
1875 2729 1921 2764 et

330 2855 344 2880 ¹
402 2857 443 2894 P.
465 2857 590 2893 Julius
611 2856 759 2903 Onfr0i‚
777 2857 858 2893 sive
875 2857 1035 2903 Onfroy,
1052 2857 1118 2903 qui
1133 2857 1173 2895 P.
1190 2857 1410 2903 Cogordan,
1425 2857 1463 2892 in
1480 2856 1649 2892 Galliam
1667 2865 1769 2892 anno
1786 2855 1919 2901 elapso

274 2919 595 2966 proficiscentem,
616 2915 829 2955 ‘comitatus
851 2924 943 2955 erat.
965 2916 1102 2968 Epist.
1123 2915 1306 2965 Adixtae,
1329 2923 1353 2955 t.
1373 2927 1430 2965 lv,
1452 2929 1540 2965 pag.
1563 2919 1653 2966 568,
1677 2918 1766 2966 569,
1790 2917 1878 2965 583.

330 2977 346 2999 ⁸
402 2981 459 3017 De
481 2982 539 3018 his
561 2982 655 3018 satis
678 2992 869 3028 superque
892 2981 933 3017 in
954 2981 1151 3027 superiore
1171 2982 1248 3017 vol.
1270 2982 1415 3018 dictum
1437 2981 1506 3018 est.

331 3040 346 3066 ³
401 3043 458 3079 De
476 3048 634 3080 senatus
652 3044 833 3090 aquensis
850 3044 1028 3090 praeside
1046 3044 1281 3080 mentionem
1298 3044 1389 3080 facit
1404 3044 1613 3089 POLANCO,
1627 3046 1653 3080 t.
1666 3051 1709 3089 V,
1723 3052 1810 3089 pag.
1826 3049 1917 3089 354,

275 3118 312 3143 n.
336 3108 426 3155 956,
449 3109 513 3154 qui
536 3108 643 3144 illum
665 3104 881 3157 Duppeda
901 3111 1032 3146 vocat.
