2008 3510
734 254 778 281 11
811 242 1062 281 Novzmnms
1095 243 1195 293 1556
1275 301 1278 305 .
1652 253 1725 292 513

143 363 288 394 messa
309 357 356 393 et
379 346 407 392 l'
428 346 580 393 ufficio
603 363 742 393 senza
775 357 1054 394 nocumento
1083 346 1145 394 dil
1175 363 1302 410 capo.
1341 345 1615 393 Habbiamo
1645 346 1782 393 etiam

141 421 250 468 duoi
283 421 492 468 seruitori
524 422 569 467 in
599 438 715 480 casa,
753 421 782 467 l’
801 439 894 468 uno
925 439 1007 486 per
1037 439 1304 485 comperare
1335 433 1382 468 et
1412 420 1507 467 fare
1537 422 1578 467 la
1609 421 1783 478 cucina,

142 495 170 541 l'
187 495 302 541 altro
327 512 408 558 per
432 496 688 541 ministrare
712 495 778 542 ale
803 513 945 542 messe
969 508 1014 542 et
1038 497 1262 560 guardare
1286 496 1328 541 la
1353 506 1500 558 porta.

208 570 380 616 Stiamo
410 570 540 627 tutti,
572 587 653 633 pet·
684 570 712 615 l’
734 570 828 616 Dio
859 571 1021 634 gracia,
1054 571 1148 616 sani
1183 570 1228 616 in
1265 580 1427 633 questo
1459 586 1607 632 paese,
1638 570 1784 615 molto

142 643 404 690 abundante
427 643 569 707 dogni
593 661 711 702 cosa,
739 645 923 703 vistoso‚
943 645 1144 708 gratioso
1160 655 1204 690 et
1228 643 1420 700 salubre,
1446 654 1575 689 tanto
1594 643 1651 689 de
1669 654 1784 688 state

142 717 224 763 che
269 717 560 775 dinuernata3
603 718 626 764 e
670 719 816 781 perho
863 736 926 765 vn
969 736 1086 783 poco
1125 730 1355 765 catarroso
1401 717 1694 776 dinuernata,
1739 730 1785 764 et

142 789 322 838 freddo.

211 864 484 911 Haueremo
508 876 661 929 presto
693 883 756 912 un
789 866 860 912 bel
892 867 995 913 sitio
1026 883 1107 930 per
1138 865 1233 912 fare
1263 866 1293 912 il
1327 865 1518 930 collegio
1548 866 1712 912 dentro
1745 866 1786 912 la

141 950 283 996 terra,
315 939 525 1003 sp[eciale
555 940 686 1003 per?]
714 958 831 998 case,
865 940 1078 1006 giardinj,
1110 940 1304 1006 pomarij
1343 951 1388 987 et
1422 940 1606 988 chiesia:
1639 940 1698 985 ha
1726 941 1785 987 da

140 1024 314 1060 costare
344 1029 467 1074 1300
498 1013 690 1062 franchi.
729 1015 1010 1078 Monsignor
1031 1014 1045 1040 ¹
1071 1014 1129 1060 ha
1161 1028 1398 1077 promesso
1429 1031 1510 1077 per
1542 1015 1582 1060 la
1613 1013 1784 1060 fabrica

148 1103 303 1134 10000
330 1086 521 1136 franchi.
548 1089 602 1135 Se
627 1089 810 1135 attende
834 1089 970 1135 etiam
997 1106 1023 1134 a
1046 1089 1260 1134 ricercare
1285 1088 1450 1134 intrate
1475 1105 1556 1151 per
1589 1087 1619 1133 il
1650 1087 1784 1133 colle-

141 1162 230 1224 gio.
262 1162 544 1225 Monsignor
569 1163 594 1208 ἐ
620 1162 708 1208 ben
735 1161 960 1209 satisfatto
984 1162 1085 1210 dela
1109 1162 1419 1225 Compagnia,
1445 1173 1489 1208 et
1515 1162 1553 1208 ci
1579 1161 1783 1225 prouede

142 1235 322 1282 abunde
346 1236 488 1299 dogni
513 1254 618 1283 cosa
649 1237 906 1284 necessaria.
935 1236 988 1300 Cj
1018 1237 1075 1282 ha
1098 1236 1235 1282 etiam
1260 1236 1424 1300 visitatj
1459 1235 1607 1299 questi
1633 1235 1782 1298 giorni

143 1310 321 1374 passatj,
346 1310 544 1373 dicendo
567 1311 650 1356 che
675 1311 810 1357 vuole
833 1311 916 1357 che
939 1311 1082 1356 siamo
1109 1310 1196 1356 ben
1215 1310 1546 1374 accommodatj
1573 1310 1619 1356 d’
1640 1310 1784 1356 abita-

142 1383 271 1430 cione
305 1395 351 1430 et
383 1384 526 1448 dogni
559 1385 670 1430 altra
702 1401 818 1431 cosa.
854 1384 1058 1446 Quando
1088 1386 1187 1430 sera
1215 1383 1346 1430 finito
1377 1396 1539 1447 questo
1571 1384 1782 1448 negocio,

142 1457 417 1505 scriueremo
442 1458 523 1521 piu
549 1459 872 1521 ampiamente.
902 1459 1014 1504 Non
1040 1458 1171 1515 altro,
1196 1459 1434 1521 pregando
1464 1458 1493 1504 il
1523 1458 1714 1522 Signore
1743 1458 1783 1503 ci

140 1532 349 1578 conserui
380 1549 560 1595 sempre
592 1532 709 1579 nella
737 1550 819 1578 sua
849 1544 976 1578 santa
1005 1533 1170 1596 gracia,
1201 1532 1391 1589 charita,
1423 1549 1532 1595 pace
1563 1544 1618 1579 et·
1638 1532 1783 1578 sanita

141 1604 199 1652 ad
222 1604 403 1652 laudem
429 1617 474 1652 et
497 1605 691 1669 gloriam
715 1623 820 1652 suae
839 1606 1022 1652 diuinae
1041 1605 1295 1652 maiestatis.
1318 1606 1490 1653 Amen.
1513 1605 1577 1651 Di
1598 1605 1781 1651 Bilhom

140 1695 165 1725 a
196 1695 246 1725 11
277 1680 323 1725 di
348 1679 620 1726 Nouembre
652 1694 705 1742 15
713 1681 785 1742 56.
814 1680 875 1726 D.
903 1680 962 1726 V.
991 1681 1054 1727 R.
1079 1696 1212 1726 seruo
1238 1679 1454 1743 indegno,

1081 1771 1270 1817 PIETRo
1306 1771 1550 1817 CANAms.

207 1887 459 1950 Inscriptio.-
483 1887 583 1948 Jhs.
611 1888 671 1933 Al
698 1888 844 1934 molto
872 1887 997 1936 Rdo.
1024 1889 1069 1934 in
1095 1889 1225 1951 Xpo.
1252 1862 1413 1945 Padre,
1439 1888 1535 1935 ΜΡ
1563 1887 1780 1944 Polanco,

141 1960 242 2007 dela
261 1961 550 2025 Compagnia
573 1962 618 2009 di
642 1962 777 2023 Jesu,
801 1963 921 2010 doue
945 1964 980 2009 si
1011 1963 1202 2019 ritroue‚
1227 1962 1274 2009 in
1302 1963 1468 2009 Roma.
1495 1963 1605 2008 Alia
1629 1977 1779 2007 manu:

145 2035 242 2082 R.ta
272 2052 296 2080 a
319 2054 352 2094 4
374 2036 420 2082 di
447 2035 672 2084 GennaiO.
701 2038 734 2097 ’ξ-

195 2223 210 2249 ¹
268 2227 482 2263 Gulielmus
503 2231 555 2263 du
575 2228 674 2274 Prat,
696 2227 901 2273 episeopus
922 2227 1249 2273 claromontanus,
1272 2227 1424 2274 collegii
1446 2225 1636 2262 conditor.

262 3193 438 3222 Ena-romu:
462 3192 615 3230 MixTAt,
641 3202 725 3225 τοΜ.
750 3204 778 3224 ν.
1205 3203 1221 3211 ⁸
1606 3198 1644 3229 33
