2040 3528
768 304 820 343 30
849 292 1065 332 Ocronms
1098 303 1199 344 1555
1704 304 1756 343 47

158 399 468 464 Quytantiam
492 410 538 446 et
561 398 879 458 extinctiones,
910 416 989 446 seu
1020 399 1170 446 literas
1199 398 1494 445 extinctorias
1528 399 1578 445 P.
1606 398 1811 447 Cornelii

158 474 462 531 Wisshaven‚
495 473 767 537 accepimus.
804 473 1040 520 Dominus
1072 490 1245 520 merces
1275 473 1371 520 eius
1401 474 1470 520 sit.
1504 473 1636 520 Nihil
1661 474 1813 522 adhuc

159 550 379 614 pecuniae
403 549 675 613 accepimus,
700 549 782 595 sed
808 565 1045 612 speramus
1069 548 1282 612 accipere.

226 625 372 688 Quod
398 625 455 671 ad
475 636 694 670 mutuum
713 623 1055 687 suscipiendum
1079 640 1165 687 pro
1182 623 1404 670 Societate
1423 640 1613 670 romana
1632 623 1814 682 attinet,

157 716 246 764 ego
269 699 403 747 valde
429 717 527 745 rem
559 699 686 746 cordi
707 698 877 755 habe03
903 698 1003 755 sed,
1029 698 1205 745 etiamsi
1230 715 1318 762 ego
1342 715 1550 763 egerem,
1576 699 1812 746 neminem

103 837 117 845 a
159 774 266 832 scio,
292 791 317 821 a
341 791 436 838 quo
462 790 645 837 possem
673 772 956 820 aedificatiue
979 772 1053 819 vel
1079 789 1158 819 sex
1182 790 1372 819 coronas
1398 785 1564 820 mutuo
1596 774 1809 837 accipere.

162 848 290 896 Nam
316 850 441 913 apud
466 866 559 908 eos,
585 848 666 913 qui
686 847 807 895 forte
826 847 998 894 habent
1016 859 1062 894 et
1077 860 1276 911 possent,
1298 849 1407 895 noui
1430 848 1612 912 ingenia
1630 866 1813 908 eorum,

158 924 220 971 ita
245 934 298 970 ut
322 940 415 970 non
442 924 659 970 auderem
689 933 855 986 petere.
882 922 924 968 Si
950 922 1063 986 quid
1088 933 1262 981 tamen,
1289 923 1498 970 Domino
1523 924 1813 987 disponente,

158 998 588 1057 occurrat„curabo
614 996 973 1061 diligentissime.

226 1073 343 1120 Non
368 1073 517 1120 scribo
539 1073 650 1119 haec
674 1072 803 1136 quod
821 1071 879 1118 de
899 1071 1130 1136 aliquibus
1149 1071 1368 1136 conqueri
1388 1071 1568 1129 vellem,
1589 1083 1668 1119 aut
1687 1073 1814 1137 quod

161 1165 244 1194 nos
269 1148 315 1194 in
342 1148 606 1194 necessitate
637 1146 788 1211 aliqua
817 1146 961 1193 simus
990 1147 1257 1204 constituti;
1292 1146 1371 1193 sed
1397 1158 1624 1210 quantum
1664 1147 1709 1193 in
1741 1164 1816 1193 me

158 1233 242 1281 est,
267 1222 329 1268 ita
354 1222 565 1268 Domino
589 1221 749 1278 dante,
776 1220 998 1267 hactenus
1031 1221 1206 1268 institui
1232 1232 1278 1268 et
1302 1221 1632 1268 instituendam
1649 1221 1817 1288 judico

161 1296 402 1353 familiam,
427 1297 549 1343 vt-in
576 1295 701 1342 nulla
727 1295 994 1342 necessitate
1018 1295 1379 1353 constituamur,
1406 1306 1452 1342 et
1476 1312 1558 1342 nec
1583 1296 1707 1343 dona
1734 1313 1815 1343 nec

162 1381 381 1417 mutuum
404 1370 633 1434 suscipere
657 1384 837 1415 necesse
856 1368 928 1426 sit,
950 1369 1152 1416 maxime
1170 1369 1319 1416 adhuc
1338 1369 1385 1416 in
1404 1369 1558 1427 initiis,
1579 1370 1623 1416 in
1644 1370 1817 1435 quibus

162 1444 312 1492 adhuc
335 1460 511 1491 sumus.

229 1518 634 1566 Commendamus
658 1533 742 1563 nos
764 1517 1052 1565 orationibus
1076 1518 1127 1566 P.
1153 1519 1214 1568 V.

228 1592 438 1656 Raptim.
468 1591 666 1651 Louani,
691 1606 756 1652 30
780 1591 1001 1639 Octobris
1025 1610 1146 1640 anno
1177 1609 1195 1640 1
1207 1607 1232 1656 5
1240 1607 1264 1657 5
1274 1607 1316 1656 5.

230 1668 294 1716 R.
322 1667 384 1715 V.
410 1683 569 1713 seruus
593 1667 640 1713 in
665 1666 893 1725 Domino,

721 1741 998 1788 Amumus
1039 1742 1271 1789 ADRIANI
1308 1742 1365 1788 ab
1400 1742 1683 1806 Antuerpia.

228 1817 466 1881 Cuperem
491 1813 605 1863 scire
636 1832 694 1862 an
721 1815 856 1880 Mag.
891 1816 1128 1877 Jordanus
1158 1829 1227 1865 sat
1258 1817 1410 1865 viatici
1442 1817 1670 1877 habuerit,
1708 1834 1819 1864 nam

162 1893 197 1940 si
221 1892 280 1939 ab
306 1891 461 1956 aliquo
485 1890 679 1954 collegio
705 1900 924 1937 mutuum
950 1891 1207 1956 accepisset,
1233 1907 1443 1939 curarem
1467 1891 1662 1940 restitui.

190 1982 197 1983 ’
227 1967 485 2030 Inscriptio:
517 1966 643 2013 Patri
671 1963 892 2014 Polanco.

228 2042 338 2088 Alia
364 2058 513 2088 manu:
547 2054 683 2103 1555.
711 2040 940 2090 Louani0.
976 2042 1039 2088 Di
1073 2042 1188 2090 M.¹'0
1215 2042 1465 2090 Hadriano
1500 2041 1819 2090 d'HadrianO.

164 2130 228 2177 30
251 2114 518 2162 d’Ottobre.
546 2115 645 2163 R.ta
673 2114 745 2162 alli
773 2129 833 2179 29
857 2114 931 2163 del
956 2116 1209 2167 medesimo
1238 2116 1367 2180 [sic].

167 2277 238 2318 tur,
265 2276 348 2308 tum
374 2271 422 2307 de
448 2281 600 2308 summa
627 2274 816 2318 egestate,
845 2281 922 2318 qua
954 2282 1116 2308 romana
1140 2273 1308 2319 collegia
1335 2273 1583 2320 laborabant,
1620 2272 1815 2320 agitur.—

166 2334 267 2371 Huic
292 2334 499 2381 epistolae,
528 2345 644 2382 quam
670 2335 792 2371 habes
817 2334 857 2370 in
887 2331 1059 2382 Cartas,
1086 2339 1113 2373 t.
1140 2343 1204 2382 Vl,
1238 2346 1325 2382 pag.
1353 2347 1451 2383 430,
1481 2346 1578 2383 431,
1606 2335 1817 2383 respondet

166 2397 467 2435 AdriaenssenS.
