2014 3528
773 257 820 300 16
850 269 990 300 mam
1023 256 1123 312 1556
1630 265 1707 310 257

880 453 908 486 1
917 453 945 486 1
954 452 981 486 1
989 450 1021 486 ᾖ

577 547 922 586 COMMUNITAS
950 546 1326 584 MORBENIENSIS

452 643 663 690 PATRI
678 666 680 669 >
700 643 943 691 IGNATI
953 644 999 691 O
1036 643 1131 690 DE
1167 641 1450 689 LOYOLA

624 749 835 776 MORBENIO
869 738 916 776 16
946 748 1091 775 MAR‘rn
1123 736 1224 787 1556
1245 734 1275 775 ¹.

236 834 341 873 Socii
362 839 526 883 quatuor
546 840 789 884 expetuntur,
809 838 873 884 qui
893 837 1160 875 morbeniense
1180 835 1387 882 collegium
1406 835 1666 881 auspicentur.

202 941 361 988 Molto
394 942 518 989 Rdo.
555 942 642 989 nel'
673 943 839 1007 Signor
869 943 1016 990 Padre
1046 941 1465 989 osseruandissimo.
1499 940 1633 987 Altre
1663 940 1767 987 fiate

136 1033 222 1063 con
249 1016 390 1063 molta
414 1017 620 1063 instanza
643 1028 688 1064 et
712 1017 951 1064 diuotione
975 1018 1171 1063 hauemo
1195 1016 1451 1064 desiderato
1475 1027 1521 1062 et
1553 1016 1767 1062 ricercato

138 1108 231 1137 vno
256 1091 311 1137 de
330 1091 465 1155 quelli
487 1091 714 1138 benedetti
733 1092 912 1157 colegij,
932 1090 1060 1138 ouer’
1082 1108 1168 1137 vna
1187 1107 1286 1137 casa
1305 1090 1362 1137 de
1382 1089 1530 1153 quella
1543 1105 1623 1135 sua
1641 1100 1768 1135 santa

137 1165 441 1229 Compagnia,
466 1178 511 1212 et
534 1167 654 1213 cosei
688 1177 977 1230 perseuerato
997 1165 1024 1213 ².
1053 1166 1206 1223 Hora,
1233 1165 1444 1212 hauendo
1469 1165 1612 1211 inteso
1635 1165 1766 1211 esser'

138 1241 292 1287 risolta
308 1241 368 1288 V.
385 1241 446 1289 R.
468 1241 541 1299 Ρ.,
560 1252 764 1288 exortata
782 1241 871 1288 dal'
886 1257 1070 1288 summo
1087 1240 1327 1304 pontefice,
1345 1240 1390 1287 di
1409 1239 1658 1286 mandarne
1676 1239 1769 1286 dua

138 1315 183 1361 in
217 1315 471 1372 Valltelina,
505 1326 551 1362 et
582 1333 672 1362 non
705 1317 917 1380 vegendo
937 1315 952 1341 ³
979 1317 1054 1362 noi
1086 1316 1147 1380 gli
1181 1316 1320 1379 luogi,
1355 1332 1437 1379 per
1460 1314 1598 1379 qualli
1629 1331 1768 1360 erano

136 1390 331 1436 ordinati
356 1390 487 1437 esser'
508 1390 627 1436 cosei
654 1390 767 1437 bene
788 1391 1014 1455 preparati
1035 1408 1117 1454 per
1135 1391 1248 1437 hora
1266 1391 1311 1438 di
1338 1390 1558 1448 riceuerli,
1580 1389 1766 1453 volglia·

138 1481 216 1511 mo
251 1465 296 1511 di
339 1482 477 1511 cuore
515 1477 561 1512 et
600 1482 685 1512 con
734 1466 844 1530 ogni
887 1466 1140 1513 humiltade
1187 1465 1440 1529 supplicare
1481 1464 1522 1510 la
1563 1464 1768 1527 predetta

140 1539 204 1586 R.
231 1539 282 1586 P.
310 1539 387 1598 V.,
411 1556 460 1586 ce
485 1540 623 1603 degni
649 1541 887 1587 mandarni
913 1557 1003 1604 qua
1029 1557 1122 1586 vno
1146 1540 1191 1586 di
1217 1558 1250 1599 4
1273 1555 1481 1603 persone,
1506 1548 1552 1584 et
1577 1554 1668 1584 non
1686 1537 1766 1600 pisi

137 1630 219 1676 per
244 1613 355 1660 hora
379 1625 423 1660 et
447 1614 492 1660 in
518 1615 664 1678 questi
690 1615 916 1679 principij,
941 1614 1025 1661 che
1049 1631 1257 1678 speremo
1283 1613 1397 1661 nella
1421 1629 1601 1659 summa
1619 1612 1768 1658 buon-

138 1689 242 1734 tade
273 1688 333 1734 dil
371 1689 537 1752 Signor
566 1690 792 1736 acrescerit
831 1689 1047 1735 talmente
1078 1689 1119 1735 la
1152 1688 1388 1735 diuotione
1419 1687 1538 1751 negli
1564 1686 1689 1733 cuori
1721 1687 1765 1733 di

138 1762 285 1826 questi
310 1760 477 1822 fedelli,
507 1779 593 1809 con
621 1762 649 1809 l'
682 1780 816 1810 mezo
847 1763 909 1810 dil
943 1780 1026 1810 suo
1057 1763 1182 1809 buon
1214 1763 1574 1826 diportament0‚
1603 1762 1688 1818 che
1718 1778 1767 1807 ce

138 1839 362 1884 acrescerei
386 1839 461 1902 poi
486 1855 510 1884 e
536 1855 728 1902 persone
751 1856 775 1884 e
799 1839 976 1903 colegij3
1003 1836 1072 1884 fra
1096 1837 1246 1902 qualle
1282 1854 1474 1901 persone
1503 1837 1550 1883 vi
1588 1836 1636 1900 sij
1674 1853 1767 1882 vno

138 1911 271 1958 dotto
296 1912 526 1959 sacerdote
549 1924 595 1959 et
618 1923 714 1959 atto
737 1931 761 1959 a
792 1913 1022 1976 predicare
1054 1913 1082 1958 il
1116 1912 1260 1959 verbo
1292 1912 1355 1959 dil
1387 1912 1567 1976 Signor,
1598 1922 1643 1957 et
1673 1927 1766 1957 vno

139 1983 310 2032 mastro
334 1986 379 2033 di
404 1986 523 2033 scola
545 1987 678 2034 dotto
702 1999 748 2034 et
772 1988 944 2051 pratico
969 1988 1014 2035 di
1041 1987 1264 2051 imparare
1289 2005 1313 2033 a
1337 1987 1399 2051 gli
1426 1986 1561 2051 putti,
1581 2003 1718 2032 senza
1737 1985 1766 2032 il

138 2060 286 2124 qualle
311 2078 402 2108 non
427 2061 657 2125 possiamo
682 2060 777 2108 fare
800 2062 883 2108 che
907 2079 988 2125 per
1006 2079 1089 2108 suo
1110 2078 1244 2108 mezo
1265 2062 1474 2118 vedemo,
1495 2072 1541 2107 et
1555 2077 1766 2125 speremo

139 2152 193 2181 ne
212 2134 348 2181 habbi
374 2152 398 2181 a
423 2135 607 2182 reescer’
627 2137 800 2200 grande
819 2135 985 2184 frutto:
1012 2136 1074 2200 gli
1094 2136 1191 2182 altri
1209 2136 1317 2200 puoi
1339 2152 1469 2182 come
1488 2135 1664 2199 piacet&
1683 2134 1766 2181 alla

137 2211 344 2278 predetta
367 2228 448 2257 sua
473 2211 590 2258 Rda.
618 2211 674 2260 P.
705 2211 769 2258 Et
792 2211 853 2275 gli
885 2228 1173 2258 receueremo
1194 2209 1210 2235 ⁴
1233 2228 1319 2258 con
1351 2222 1475 2257 tante
1508 2209 1691 2273 allegria
1720 2221 1766 2256 et

137 2285 385 2342 diuotione,
406 2297 580 2350 quanto
597 2303 647 2333 ce
666 2286 783 2350 possi
809 2287 1016 2345 scriuere,
1036 2297 1082 2333 et
1100 2303 1190 2350 qua
1207 2286 1269 2350 gli
1294 2286 1319 2332 ἐ
1340 2295 1580 2349 preparato
1599 2284 1645 2331 di
1665 2301 1765 2331 casa

137 2375 224 2405 con
248 2359 470 2422 giardin0‚
495 2360 705 2425 vtensilij,
730 2360 881 2424 giesia,
906 2371 952 2407 et
975 2359 1004 2406 il
1030 2377 1114 2406 suo
1138 2359 1298 2408 viuer’.
1324 2359 1477 2406 Perho
1498 2358 1546 2405 di
1566 2375 1704 2405 cuore
1719 2369 1765 2405 et

136 2450 222 2480 con
263 2433 369 2480 viua
410 2432 512 2480 fede
552 2434 612 2498 gli
650 2447 931 2498 aspetaremo
972 2446 1017 2481 et
1056 2434 1323 2482 credaremo
1361 2434 1444 2480 che
1486 2433 1526 2479 la
1555 2433 1764 2496 predetta

140 2508 200 2555 R.
227 2508 277 2555 P.
306 2509 363 2555 V.
397 2525 489 2555 non
520 2509 656 2556 habbi
688 2509 903 2556 ricusarui
935 2521 1092 2574 questa
1121 2520 1248 2556 santa
1278 2509 1499 2567 richiesta‚
1535 2519 1581 2554 et
1616 2524 1666 2554 ce
1700 2507 1761 2571 gli

138 2581 419 2629 offerissemo
443 2582 473 2629 il
497 2594 620 2630 tutto
645 2595 801 2630 nostro
825 2583 1004 2648 puoter'
1029 2583 1082 2630 al'
1117 2584 1303 2630 seruitio
1333 2600 1416 2630 suo
1449 2593 1495 2629 et
1527 2583 1584 2629 de
1614 2582 1763 2645 quella

139 2667 267 2721 santa
291 2656 593 2721 Compagnia,
619 2657 660 2704 la
682 2657 800 2723 qual'
834 2659 863 2705 il
889 2659 1053 2723 Signor
1078 2669 1234 2705 nostro
1273 2658 1519 2705 benedetto
1552 2657 1592 2702 la
1620 2656 1762 2720 volgli

138 2744 420 2794 prosperare,
443 2743 489 2778 et
514 2731 552 2778 la
577 2748 658 2778 sua
680 2743 808 2779 santa
839 2749 947 2797 pace
975 2733 1025 2797 sij
1059 2749 1237 2796 sempre
1265 2749 1352 2779 con
1385 2731 1444 2779 V.
1480 2732 1539 2778 R.
1579 2730 1647 2787 Ρ.,
1679 2730 1762 2776 alla

190 2886 204 2911 ¹
261 2887 319 2924 Ex
347 2888 525 2935 originali
555 2889 593 2925 in
623 2889 700 2926 vol.
729 2884 866 2939 Epist.
895 2885 1254 2934 communitatum,
1284 2887 1427 2934 duplici
1458 2885 1572 2931 folio,
1604 2895 1640 2923 n.
1675 2893 1760 2931 147,

137 2950 243 2997 prius
265 2960 310 2997 27
318 2959 353 2998 5.

192 3010 210 3036 2
262 3013 363 3049 Vide
383 3023 510 3060 supra,
532 3013 642 3061 epist.
667 3013 780 3061 1063,
801 3023 887 3060 pag.
910 3014 975 3052 88.

194 3072 209 3098 ³
263 3075 337 3112 Ms.
355 3072 520 3126 vegen.⁰

195 3134 210 3160 ⁴
265 3137 339 3175 ΜΒ.
357 3147 619 3175 receuereno.

264 3219 441 3249 Ermoux
464 3219 618 3256 Min-n,
640 3227 723 3250 τοΜ.
746 3227 777 3250 v.
1604 3222 1639 3255 17
