2066 3516
771 253 818 291 31
851 239 1093 279 DECEMBms
1124 253 1224 293 1555
1695 252 1764 291 151

249 347 428 394 Doctor
450 346 659 393 Canisius
680 347 692 372 ¹
719 347 1019 396 Wichhanno
1042 348 1284 412 scripserat
1307 347 1541 406 acerrime,
1562 346 1745 411 quibus,
1773 358 1826 392 vt

180 433 392 485 apparet,
418 438 583 484 parum
611 433 840 469 mouetur.
871 422 1120 485 Scripserat
1148 433 1194 468 et
1217 420 1452 469 Godfrido
1481 422 1688 480 Sororio,
1712 438 1826 486 quas

186 495 296 560 legi,
327 512 376 541 ac
407 496 578 541 decano
608 495 776 542 tradidi
806 496 1138 543 exscribendas.
1168 496 1318 542 Mitto
1342 496 1401 543 T.
1428 496 1488 542 D.
1516 495 1687 552 literas,
1713 513 1826 560 quas

185 570 348 615 doctor
374 568 666 615 Borchardus
686 567 716 625 ²,
744 586 864 615 nunc
889 570 934 615 in
959 569 1099 616 alium
1124 569 1278 616 virum
1299 581 1516 626 mutatus,
1535 570 1716 633 scripsit
1739 586 1826 633 pro

183 643 408 689 Societate
432 655 604 701 vestra,
631 644 732 707 qui,
758 644 793 689 si
818 644 962 702 volet,
988 644 1159 707 poterit
1182 660 1348 707 Vrgere
1380 645 1748 690 Wichmannum
1780 644 1827 691 in

182 734 313 763 suam
340 717 637 775 sententiam,
663 729 710 764 et
733 718 909 764 vtinam
937 719 1049 764 sciat
1078 718 1165 765 hoc
1195 735 1498 765 romanorum
1529 736 1610 765 rex
1629 718 1659 776 ³,
1684 731 1730 765 et
1759 719 1828 764 in-

184 790 473 854 dulgentiam
506 792 560 836 ad
594 808 678 837 nos
710 791 921 839 veniendi
958 790 1149 848 tribuat,
1182 791 1484 855 iniungatque
1516 793 1620 838 huic
1651 793 1713 839 rei
1743 793 1829 839 im-

188 881 358 927 ponere
388 865 542 914 finem.
577 866 670 912 Ista
699 866 837 913 lacius
866 866 1040 913 contuli
1072 883 1177 912 cum
1209 867 1404 912 decano:
1438 884 1532 913 non
1564 879 1717 913 autem
1751 884 1830 914 ex-

190 940 335 1002 pedit,
363 940 469 998 nisi,
502 941 571 986 his
604 942 809 1000 tentatis,
842 941 900 989 ad
930 958 1014 987 uos
1044 941 1339 999 descendere,
1366 958 1422 987 ne
1454 941 1694 1005 negotium
1728 942 1831 1005 plus

184 1013 486 1061 exulceretur.

254 1088 490 1152 Virgines,
516 1106 633 1153 quae
663 1089 902 1135 nobiscum
928 1101 1056 1146 sunt,
1084 1089 1254 1135 mirum
1288 1089 1333 1135 in
1367 1089 1561 1135 modum
1594 1099 1830 1151 cuperent,

190 1163 224 1208 si
250 1163 345 1209 sine
373 1163 573 1226 periculo
598 1161 697 1209 fore
721 1175 887 1227 posset,
914 1175 1042 1210 tuam
1067 1164 1383 1228 praesentiam,
1409 1181 1499 1228 que
1523 1165 1583 1210 D.
1607 1164 1666 1210 T.
1694 1164 1832 1209 iusse-

191 1248 301 1282 runt
337 1254 442 1282 meo
482 1237 668 1283 nomine
706 1238 960 1300 plurimum
998 1238 1044 1284 in
1082 1239 1292 1284 Domino
1330 1238 1547 1297 salutare,
1581 1255 1698 1302 quae
1737 1238 1833 1284 sine

187 1311 523 1358 intermissione
552 1312 816 1359 Dominum
847 1325 1004 1371 orant,
1035 1326 1110 1372 vt,
1143 1313 1326 1360 sublato'
1363 1313 1552 1371 timore,
1586 1313 1832 1377 aliquando

185 1385 272 1432 sibi
297 1385 429 1432 reddi
455 1386 612 1449 possiS.
640 1387 854 1450 Expecto
878 1389 1102 1451 proximis
1130 1389 1270 1435 literis
1295 1389 1440 1435 multa
1471 1406 1616 1448 noua,
1647 1401 1693 1435 et
1723 1405 1834 1452 pro-

189 1459 360 1506 fectum
394 1460 518 1506 vinie
548 1461 742 1507 Domini
776 1462 1033 1519 Sabahoth,
1065 1480 1183 1527 quae
1214 1463 1303 1509 iarn
1335 1463 1613 1527 propagines
1642 1480 1744 1509 suas
1775 1462 1834 1509 ad

190 1552 316 1581 mare
346 1552 395 1581 ac
426 1535 638 1598 palmites
668 1537 726 1584 ad
758 1537 951 1583 flumina
974 1538 1198 1586 extendit.
1231 1537 1274 1583 Si
1300 1538 1412 1602 quid
1443 1555 1596 1583 rerum
1625 1554 1831 1583 mearum

189 1609 377 1655 allatum
413 1620 500 1666 est,
534 1610 671 1673 cupio
705 1611 817 1657 mihi
848 1612 1072 1675 proximis
1102 1612 1240 1658 literis
1275 1612 1395 1658 mitti
1430 1623 1620 1675 propter
1659 1612 1832 1658 Deum.

188 1683 430 1748 Quicquid
477 1685 821 1746 numerandum
869 1686 978 1743 erit,
1025 1686 1326 1750 significabis,
1371 1698 1416 1733 et
1462 1685 1832 1732 renumerabitur

185 1757 394 1805 fideliter.

256 1834 441 1880 Domus
466 1847 615 1881 vestra
638 1852 663 1881 a
688 1847 838 1882 morte
867 1834 1059 1895 femine,
1090 1836 1220 1883 cuius
1241 1853 1382 1899 supra
1415 1835 1606 1882 fecimus
1634 1835 1831 1882 mentio-

152 1939 161 1941 <
191 1924 311 1965 nem,
337 1925 430 1955 non
457 1909 752 1958 inhabitatur.
1388 1914 1391 1921 ⁴

192 2003 197 2006 ·
253 1981 406 2046 Cupio
433 1983 494 2031 D.
520 1983 597 2040 T.,
623 1983 668 2029 in
694 1982 780 2031 X.⁰
803 1984 1082 2031 incolumem
1112 1986 1170 2032 ad
1199 2003 1330 2032 suam
1354 1985 1551 2050 gloriam
1576 1996 1622 2030 et
1649 1983 1832 2030 ecclesie

189 2069 340 2103 sancte
365 2056 625 2120 profectum
658 2069 704 2103 et
728 2075 812 2121 pro
843 2076 917 2105 me
948 2071 1180 2117 orantem,
1211 2077 1350 2124 quam
1384 2059 1638 2106 diutissime
1663 2058 1828 2104 valeat.

183 2130 459 2177 Consalutat
481 2132 541 2178 T.
562 2132 622 2179 D.
646 2133 796 2179 Dnus.
825 2133 1141 2192 Scholasticus,
1165 2135 1304 2181 corde
1328 2147 1373 2181 et
1397 2134 1552 2180 animo
1570 2133 1632 2180 T.
1659 2134 1722 2181 D.
1749 2133 1830 2179 ad-

190 2364 363 2400 officium
380 2364 481 2400 filias
501 2365 644 2400 civium
666 2365 830 2411 erudire,
849 2365 1002 2412 aliquae
1019 2366 1081 2401 vel
1101 2370 1210 2412 peste
1228 2366 1292 2402 vel
1311 2366 1388 2402 alio
1405 2365 1540 2401 morbo
1561 2364 1615 2400 ibi
1636 2363 1829 2399 extinctae

193 2427 362 2474 fuerunt,
383 2432 420 2463 et
446 2428 546 2464 inter
573 2428 670 2464 alias
698 2429 852 2474 mulier,
875 2439 973 2475 quae
1000 2429 1051 2464 ad
1072 2428 1367 2465 custodiendam
1389 2429 1546 2464 domurn
1566 2424 1707 2462 tradita
1735 2430 1829 2471 erat,

191 2493 300 2535 peste
319 2490 540 2535 vulnerata,
563 2490 663 2525 intra
691 2490 859 2526 triduum
887 2489 1099 2535 expiravit;
1120 2499 1200 2525 non
1226 2494 1356 2525 tamen
1382 2490 1421 2525 in
1448 2490 1584 2524 eadem
1609 2489 1739 2534 domo,
1760 2488 1829 2523 sed

190 2553 231 2588 in
245 2552 502 2598 xenodochio,
520 2553 570 2588 ad
590 2553 696 2599 quod
715 2556 920 2599 exportata
940 2556 1010 2598 est;
1028 2555 1064 2587 et
1084 2552 1139 2588 ita
1156 2553 1264 2588 nullo
1281 2552 1534 2598 inhabitante,
1552 2552 1690 2587 domus
1705 2560 1830 2586 vacua

189 2614 324 2649 relicta
345 2612 452 2649 fuit.»

245 2673 258 2698 ¹
316 2675 535 2711 Acerrimas
552 2675 624 2712 Bti.
646 2676 747 2712 Petri
770 2676 916 2712 canisii
936 2676 1100 2722 litteras,
1117 2675 1381 2712 Wichmanno
1401 2686 1479 2712 van
1495 2677 1570 2711 den
1585 2675 1686 2721 Berg
1706 2675 1828 2720 datas,

193 2737 334 2783 quibus
360 2747 470 2773 suam
497 2738 638 2783 agendi
660 2737 852 2773 rationem
871 2738 1135 2784 vituperabat,
1157 2738 1434 2784 refellebatque
1455 2741 1612 2774 senatus
1631 2737 1831 2773 novioma·

190 2801 323 2848 gensis
351 2802 538 2837 adversus
565 2800 802 2837 Societatem
832 2802 1051 2848 decretum,
1080 2802 1192 2838 affert
1219 2806 1258 2838 et
1287 2802 1458 2838 illustrat
1485 2801 1828 2845 BRAUNSBERGER,

190 2860 278 2901 Bti.
301 2860 470 2902 canisii
485 2860 709 2913 Epistulae
728 2868 772 2901 et
788 2867 899 2910 acta,
920 2869 946 2902 t.
968 2873 994 2911 1,
1015 2875 1105 2911 pag.
1128 2873 1315 2913 540-544.

244 2922 262 2947 2
315 2924 382 2962 Dr.
414 2926 660 2962 Burchardus
690 2937 767 2962 van
799 2927 875 2962 den
909 2926 1028 2973 Berg,
1059 2927 1271 2964 canonicus
1302 2926 1542 2973 viennensis,
1575 2925 1650 2962 Bti.
1682 2924 1829 2961 Canisii

192 2987 338 3034 affinis,
359 2989 424 3035 qui
446 2988 539 3024 olim
560 2986 699 3037 (1553)
721 2993 853 3035 egerat
878 2989 926 3025 de
944 2990 1210 3035 promovendo
1230 2989 1390 3026 Canisio
1418 2989 1467 3025 ad
1495 2990 1627 3025 sedem
1646 2988 1829 3023 viennen-

192 3060 287 3086 sem.
308 3050 366 3088 Cf.
387 3047 524 3100 Epist.
544 3047 728 3097 Affixtae,
750 3055 776 3087 t.
798 3060 857 3098 111,
875 3062 965 3098 pag.
987 3062 1063 3098 403
1087 3056 1124 3089 et
1142 3063 1263 3099 seqq„
1286 3052 1377 3100 651,
1401 3051 1492 3099 652.

248 3110 264 3135 ³
318 3113 586 3150 Ferdinandus
605 3115 633 3152 1.
