2066 3516
311 271 362 323 98
780 271 1022 310 EmSTOLAE
1050 271 1381 310 Momm—1066

257 378 511 441 Stephano,
554 376 631 441 qui
670 387 849 422 tantum
888 376 955 422 bis
991 393 1072 439 per
1107 377 1314 423 medium
1350 378 1488 424 horae
1525 378 1571 424 in
1605 388 1705 424 toto
1729 378 1904 426 ‘itinere

257 451 490 498 ambulare
512 450 678 513 potuit,
700 467 791 495 non
815 462 907 496 tam
928 450 989 496 ob
1009 450 1215 514 corporis
1233 451 1532 511 debilitatem,
1553 469 1691 516 quam
1714 465 1904 516 propter

257 526 443 581 tussim,
482 541 599 587 quae
642 540 824 587 semper
866 536 1020 571 noctes
1057 525 1243 589 diesque
1281 525 1432 588 ipsum
1469 526 1685 573 vexabat:
1723 526 1784 572 sic
1821 544 1903 573 nos

259 601 362 645 Deo
397 598 830 645 commendauimus
862 599 906 645 in
942 598 1163 662 Ispruche
1196 616 1374 658 versus,
1407 600 1616 660 Jodocus
1647 601 1786 663 pedes
1821 618 1903 648 no-

258 674 453 719 biscum.

322 748 536 810 Tempus
560 748 676 794 adeo
701 746 926 811 frigidum
951 758 1062 806 erat,
1090 748 1150 794 ita
1170 749 1299 813 quod
1322 750 1398 797 M.
1420 749 1654 797 Gerardus
1678 769 1735 798 ex
1760 751 1903 815 frigo-

254 821 381 868 ribus
405 821 583 867 fluxum
620 833 665 867 et
699 821 963 868 catharrum
999 834 1160 869 nactus
1194 834 1275 869 est.
1311 822 1482 887 Ingens
1513 835 1623 870 tunc
1655 838 1751 871 erat
1781 821 1901 871 tem-
1928 886 1931 889 Δ

256 908 407 959 pestas
452 909 590 961 atque
631 914 837 943 annonae
869 897 1051 954 caritas,
1087 897 1331 961 praecipue
1367 908 1559 961 propter
1600 899 1900 962 praesentiam

254 971 390 1020 Illmi.
411 971 449 1017 F
452 972 707 1031 erdinandi,
729 972 848 1036 regis
866 971 945 1028 R.,
963 982 1099 1036 atque
1120 973 1248 1019 Rmi.
1268 972 1508 1018 cardinalis
1526 973 1780 1030 tridentini,
1798 991 1902 1021 nec-

255 1064 347 1093 non
373 1048 566 1094 aliorum
594 1048 854 1111 principum
883 1059 928 1094 et
956 1048 1194 1095 nobilium.
1223 1048 1316 1094 Iter
1336 1047 1468 1094 valde
1488 1048 1721 1111 prolixum
1741 1049 1898 1095 audie-

254 1121 429 1168 bamus:
465 1122 632 1168 astricti
665 1133 818 1169 autem
851 1122 910 1169 ibi
947 1135 1139 1187 propter
1163 1123 1341 1187 pluuias
1365 1134 1411 1169 et
1437 1124 1564 1169 niues
1591 1124 1761 1181 herere,
1787 1141 1899 1171 con-

253 1196 572 1260 gregationem
599 1213 690 1242 vna
715 1195 922 1256 fecimus,
949 1210 1106 1243 utrum
1138 1210 1253 1244 esset
1280 1198 1525 1245 honestum
1552 1209 1597 1244 et
1621 1198 1902 1245 conueniens

255 1268 437 1316 visitare
467 1269 786 1316 cancellarium
809 1269 822 1295 ¹
855 1287 1005 1316 sacrae
1038 1270 1304 1328 maiestatis,
1341 1289 1390 1318 ac
1422 1272 1461 1318 ei
1498 1288 1659 1317 manus
1690 1271 1900 1330 osculari,

252 1343 337 1390 sibi
364 1344 612 1407 aperiendo
638 1355 842 1390 nostram
870 1357 1186 1408 paupertatem
1214 1363 1263 1391 ac
1290 1345 1582 1392 infirmorum
1603 1346 1901 1403 debilitatem,

253 1437 308 1465 eo
344 1420 470 1482 quod
509 1436 599 1465 non
636 1420 795 1466 aderat
830 1419 977 1466 Rdus.
1014 1419 1275 1466 labassensis
1301 1420 1342 1467 '²2
1379 1421 1425 1467 id
1458 1420 1630 1484 placuit
1661 1420 1898 1468 omnibus.

251 1493 477 1554 Jodocus,
497 1494 755 1557 Stephanus
774 1506 820 1540 et
839 1511 925 1558 ego
949 1494 1159 1540 venimus
1178 1495 1233 1541 ad
1257 1495 1435 1540 Dnum.
1457 1494 1775 1540 cancellarium
1795 1511 1899 1540 cum

237 1567 609 1631 [scriberemus]
642 1567 779 1614 literis
804 1569 1080 1632 patentibus:
1107 1569 1179 1615 ille
1199 1586 1279 1614 sua
1297 1569 1444 1632 gratia
1468 1585 1551 1614 nos
1576 1568 1712 1615 valde
1739 1570 1902 1614 huma-

256 1643 374 1688 niter
406 1642 597 1705 recepit,
624 1642 845 1707 deditque
869 1643 1109 1689 consilium
1136 1654 1187 1688 vt
1211 1660 1403 1706 paruam
1429 1642 1827 1706 supplicationem,
1856 1642 1901 1688 in

253 1733 346 1780 qua
379 1734 485 1763 cum
512 1717 674 1763 litteris
709 1717 974 1780 patentibus
999 1729 1202 1763 nostram
1230 1718 1539 1763 necessitatem
1571 1734 1900 1763 enarrasemus.

254 1791 357 1855 Ipse
381 1792 608 1855 promisit,
633 1792 750 1838 sicut
773 1804 818 1837 et
843 1790 964 1850 fecit,
990 1792 1209 1838 daturum
1237 1791 1350 1856 regi,
1375 1804 1421 1838 et
1445 1792 1546 1838 ilico
1574 1791 1698 1838 lectis
1723 1792 1901 1850 nostris,

254 1865 532 1912 camerarius
558 1883 707 1912 sacrae
733 1866 977 1912 maiestatis
1002 1867 1247 1923 ordinauit,
1271 1880 1320 1912 ut
1340 1866 1614 1912 tesaurarius
1634 1865 1766 1912 nobis
1784 1859 1903 1912 face-

255 1950 325 1986 ret
347 1939 692 1998 eleemosinam,
717 1957 835 2004 quae
861 1939 951 1986 fuit
975 1941 1032 1986 de
1055 1941 1212 1986 decem
1233 1941 1416 1998 daleris,
1444 1941 1611 2005 quibus
1639 1942 1902 2004 Augustam

256 2030 400 2076 vsque
421 2014 650 2072 venimus,
673 2014 841 2078 gratias
863 2015 1014 2077 primo
1033 2015 1139 2060 Deo
1154 2015 1335 2078 optimo
1355 2015 1549 2079 agendo,
1569 2015 1771 2061 secundo
1788 2014 1901 2078 regi.

254 2088 388 2134 Sacra
414 2089 622 2135 maiestas
655 2101 750 2135 erat
780 2089 913 2135 valde
947 2102 1169 2152 occupata
1192 2106 1298 2135 cum
1324 2089 1622 2153 principibus.
1660 2090 1903 2152 Augustae

258 2163 380 2208 Rdo.
413 2162 536 2210 Dn0.
569 2162 860 2227 suffraganeo
887 2163 1034 2209 literas
1058 2163 1180 2222 dedi,
1214 2164 1291 2227 qui
1325 2163 1472 2210 multa
1505 2163 1636 2209 nobis
1666 2162 1902 2226 promisit3

255 2237 336 2283 sed
378 2236 531 2283 exibat
567 2237 799 2283 ciuitatem
837 2253 922 2300 pro
957 2236 1034 2282 illo
1065 2237 1151 2283 die.
1190 2237 1362 2300 Accepi
1402 2236 1616 2300 pecunias
1649 2235 1903 2282 secundum

258 2310 476 2373 policem‚
509 2311 588 2357 sed
624 2310 860 2356 amisimus
901 2309 996 2356 fere
1036 2311 1243 2357 dalerum
1287 2311 1383 2357 auri
1417 2310 1585 2356 valoris
1617 2309 1903 2366 diuersitate,

258 2385 398 2448 idque
423 2386 535 2431 mihi
561 2387 732 2432 durum
759 2397 871 2442 erat,
899 2386 979 2431 sed
1006 2386 1265 2449 Stephanus
1293 2386 1463 2443 aderat,
1492 2386 1570 2449 qui
1598 2385 1661 2431 D.
1689 2384 1902 2431 Christo-

258 2458 460 2521 phorum
501 2458 760 2523 germanice
800 2459 925 2522 loqui
965 2459 1245 2523 intelligebat
1284 2459 1510 2506 dicentem
1553 2457 1682 2504 fratri
1717 2475 1814 2505 suo:
1858 2458 1901 2504 Si

261 2534 506 2589 noluerint,
532 2533 789 2589 dimittant3
816 2534 877 2578 ita
899 2549 983 2579 suo
1003 2535 1146 2580 modo
1164 2534 1307 2580 coacti
1329 2533 1527 2595 recipere
1545 2531 1732 2578 fuimus,
1753 2532 1902 2592 Jodo-

258 2624 339 2653 cus
363 2620 407 2653 et
433 2606 633 2653 famulus
658 2609 868 2653 nondum
897 2620 1118 2654 venerant
1136 2625 1240 2654 cum
1261 2608 1408 2671 equis:
1431 2624 1513 2653 nos
1532 2618 1622 2652 tres
1648 2605 1901 2653 feceramus

260 2698 353 2727 vno
378 2682 450 2727 die
475 2699 614 2744 super
637 2694 753 2727 rates
779 2682 969 2728 miliaria
992 2682 1253 2746 germanica
1278 2683 1451 2738 decem,
1479 2692 1530 2727 vt
1555 2680 1902 2727 abbreuiaretur

259 2755 360 2803 iter.
388 2756 566 2802 Omnes
590 2755 727 2802 simul
759 2756 815 2802 ad
849 2757 934 2802 iter
965 2757 1130 2820 parati,
1164 2757 1290 2803 venit
1324 2756 1603 2802 atrocissima
1634 2754 1807 2818 pluuia:
1840 2754 1901 2800 sic

261 2845 436 2875 necesse
462 2828 550 2875 fuit
578 2830 638 2875 ibi
664 2847 863 2877 manere.
897 2830 1062 2876 Visum
1095 2831 1211 2876 inter
1246 2846 1327 2875 nos
1359 2828 1448 2875 fuit
1478 2839 1531 2875 vt
1560 2829 1812 2875 rediremus
1841 2828 1901 2873 ad

263 2903 442 2949 Dnum.
470 2903 831 2967 suffraganeum,
856 2915 902 2950 et
925 2905 1080 2951 decem
1114 2921 1303 2950 coronas
1333 2903 1692 2967 postularemus;
1718 2914 1903 2966 tempus

318 3073 328 3099 ¹
387 3075 478 3112 Erat
496 3077 676 3113 laudatus
696 3088 824 3123 saepe,
849 3078 1055 3115 Societatis
1077 3079 1212 3125 fautor,
1234 3078 1403 3116 Jacobus
1422 3078 1555 3116 Jonas.

315 3136 331 3162 ²
355 3190 358 3194 .
386 3139 564 3176 Urbanus
584 3140 726 3176 Textor
747 3141 935 3188 (Weber).
1000 3153 1001 3156 ¹
