2008 3510
331 274 409 325 858

275 382 453 428 Japonia,
475 382 594 428 regio,
618 382 680 429 38.

275 444 479 491 JasaicejQ
501 455 603 491 opp„
626 455 688 493 93,
710 454 774 494 94,
798 453 885 491 317·

275 507 501 552 Jarandilla,
524 517 626 552 opp.,
647 518 681 543 v.
703 506 942 544 Xarandilla.

275 570 481 616 Jeremias,
509 570 716 615 propheta,
743 581 779 605 v.
811 569 1021 608 Hieremia.

275 633 386 670 Jerez
399 633 446 669 de
462 634 500 669 la
514 633 713 678 Frontera,
723 644 767 670 Δν.
780 633 877 669 Asta
892 632 1022 679 Regia.

275 696 460 741 Jimenez,
484 696 616 741 abbas,
638 707 675 733 v.
695 695 896 733 Ximenez.

275 759 448 795 Jimenez
475 759 522 794 de
550 758 746 804 Miranda,
783 758 1023 803 Franciscus‚

331 822 451 857 abbas
472 822 518 857 de
540 821 664 866 Salas,
692 820 774 867 167.

275 883 428 920 Joanna
454 884 501 920 de
527 883 705 928 Austria,
727 882 855 919 Caroli
875 882 912 918 V
931 882 1023 928 filia,

330 946 540 992 Hispaniae
574 945 839 992 gubernatriX,
875 945 922 981 de
956 944 1025 981 So-

331 1009 470 1045 cietate
495 1009 587 1045 10511
613 1009 756 1055 optime
785 1008 938 1054 merita,
961 1007 1026 1043 ab·

331 1072 460 1107 batem
505 1071 748 1108 verulensem
793 1072 841 1107 ad
881 1070 1026 1107 curiam

331 1134 492 1170 arcessit
525 1138 577 1169 ut·
600 1134 647 1169 de
679 1133 791 1170 sactis
819 1133 1027 1170 Caesarau-

330 1201 466 1244 gustae
487 1197 674 1233 rationem
701 1197 854 1242 reddat,
876 1206 939 1244 44,
961 1204 1025 1244 45;

330 1260 526 1305 laudatur,
561 1256 653 1305 162;
681 1259 719 1295 in
741 1260 855 1295 rebus
876 1258 1027 1294 difficil-

331 1321 434 1357 limis
461 1325 578 1367 atque
605 1320 824 1367 injucundis
850 1323 951 1356 recte
985 1315 1051 1355 se'

330 1383 447 1429 gerit,
474 1380 564 1430 163;
587 1383 738 1429 Ignatio
767 1382 1027 1429 autographas

332 1447 397 1482 dat
425 1446 591 1492 litteras,
622 1446 761 1492 quibus
781 1445 959 1492 prohibet
978 1455 1026 1480 ne

331 1508 473 1554 Borgia
501 1513 538 1543 et
564 1509 710 1553 Araoz,
740 1518 781 1544 se
807 1508 946 1553 invita,
980 1517 1027 1543 ex

330 1571 520 1617 Hispania
538 1571 751 1616 discedant,
773 1571 857 1618 184;
877 1582 912 1606 v.
940 1570 1024 1616 187,

336 1634 427 1679 188,
464 1643 561 1681 215;
597 1634 736 1680 Ignatii
773 1633 953 1679 precibus
985 1643 1025 1668 se

330 1697 445 1733 valde
459 1698 716 1742 commendat,
741 1697 824 1743 185,
847 1693 1027 1741 186;013-

330 1759 405 1794 tori
432 1769 502 1795 suo
532 1759 571 1794 in
598 1760 690 1794 urbe
713 1759 876 1805 injungit
896 1763 937 1794 ut
957 1767 1026 1804 pro

331 1821 526 1858 Societate
547 1822 650 1867 apud
665 1821 885 1867 pontificem
907 1821 1026 1856 maxi-

332 1894 434 1919 mum
451 1888 604 1920 strenue
620 1890 722 1931 agat,
745 1881 829 1930 186;
852 1884 1025 1919 eamdem

331 1944 371 1980 in
387 1944 575 1990 Hispania
591 1949 729 1991 tuetur,
747 1955 835 1992 217,
853 1954 941 1994 219;
956 1954 1025 1990 pro

331 2007 620 2053 dispensatione
658 2009 708 2043 ad
741 2007 1025 2044 matrimonium

330 2068 547 2106 Eleonorae
575 2070 730 2106 Manuel
756 2070 901 2116 scribit,
938 2079 1024 2119 335,

334 2130 422 2178 336;
446 2132 627 2178 Borgiam
651 2133 852 2169 certiorem
874 2132 965 2168 facit
978 2133 1025 2168 de

333 2193 463 2230 Caroli
484 2195 520 2229 V
541 2196 740 2231 voluntate
767 2206 857 2241 erga
887 2195 1024 2241 ipsum,

335 2253 423 2303 560;
452 2268 488 2294 v.
518 2254 581 2303 60,
613 2268 676 2306 94,
711 2268 794 2305 104,
828 2253 911 2305 164,
940 2254 1024 2305 165,

335 2327 422 2365 307,
443 2327 529 2366 530,
547 2316 636 2368 645,
657 2321 728 2368 805
747 2326 782 2355 et
797 2330 917 2366 seqq„
937 2320 1023 2356 821.

277 2380 458 2426 Joannes,
483 2391 569 2428 272.

277 2442 458 2489 Joannes,
481 2443 519 2480 S.
540 2444 586 2490 J.,
614 2445 772 2490 navigat
798 2444 836 2479 in
863 2444 1024 2490 Indiam,

336 2502 423 2552 276.

277 2566 470 2613 Joannes,

332 2630 425 2678 484.

277 2691 458 2737 Joannes,
481 2694 673 2738 sacerdos,
701 2702 784 2741 150.

278 2753 460 2800 Joannes,
484 2754 522 2790 S.
548 2755 594 2800 J.,
625 2755 752 2791 incola
773 2755 1024 2802 ferrariensis,

332 2825 423 2863 415.

279 2877 461 2924 1030005,
485 2878 523 2916 S.
552 2878 596 2925 J.,
626 2879 781 2915 natione
809 2889 1024 2926 germanus,

337 2949 424 2989 519.

280 3001 463 3048 1030005,
485 3003 692 3049 lusitanus,
714 3004 865 3051 hospite
886 3005 1027 3041 insalu-

336 3068 417 3101 tato
438 3075 458 3101 e
485 3066 627 3102 nostris
654 3066 813 3102 aedibus
840 3077 924 3103 sese
943 3078 1027 3113 pro-

338 3127 439 3173 ripit,
459 3125 546 3175 736.

525 2569 754 2604 candidatus
806 2568 1024 2614 Societatis,

985 275 1155 313 INDICES

1098 381 1286 427 Joannes,
1311 382 1349 419 S.
1375 382 1422 429 J.,
1450 383 1696 431 mutinensis,
1718 384 1846 423 incola

1153 445 1369 491 perusinus,
1391 455 1481 495 437.

1097 507 1278 554 Joannes,
1301 507 1340 544 S.
1361 508 1407 554 J.,
1429 509 1654 555 parmensis,
1682 509 1766 557 183.

1098 569 1279 615 1030005,
1297 569 1337 608 S.
1352 570 1399 616 J.,
1416 572 1735 618 pedemontanus,
1757 581 1845 620 737.

1097 631 1285 679 Joannes,
1307 633 1552 670 renteriensis
1568 634 1690 681 curio,
1710 634 1848 671 eremi-

1150 694 1303 741 torium,
1331 705 1355 730 a
1388 705 1429 731 se
1450 697 1665 742 conditum,
1696 697 1848 743 Ignatio

1152 756 1276 804 ofikrt
1299 766 1483 807 795·797·

1096 819 1265 856 Joannes
1299 820 1490 867 Baptista,
1531 820 1714 871 Sanctus,
1758 821 1848 869 283,

1153 882 1247 930 284„
1272 891 1365 930 372,
1395 893 1491 933 409,
1519 894 1616 932 440,
1642 892 1736 933 559,
1760 884 1848 932 580,

1097 953 1267 1044 1οὲῐῗ1105
1288 1007 1385 1054 Bta.,
1409 1008 1534 1045 editor
1561 1009 1748 1046 librorum
1768 1020 1849 1046 cor—

1153 1070 1350 1116 dubensis,
1377 1079 1463 1118 535.

1098 1132 1269 1169 Joannes
1295 1133 1391 1180 Bta.,
1425 1133 1464 1170 S.
1491 1133 1538 1180 J.,
1562 1144 1726 1180 coquus,
1758 1134 1848 1181 380.

1098 1193 1267 1231 Joannes
1307 1194 1406 1241 Bta.,
1453 1196 1733 1232 morbeniensis
1772 1196 1853 1243 qui-

1154 1258 1256 1303 dam,
1281 1258 1343 1295 88.

1097 1318 1268 1356 Joannes
1293 1319 1390 1366 Bta.,
1420 1317 1458 1357 S.
1486 1319 1533 1366 J.,
1565 1320 1850 1367 neapolitanus,

1158 1390 1250 1429 131;
1280 1381 1342 1427 pie
1370 1382 1523 1419 decedit
1549 1382 1740 1430 Bibonae,
1764 1392 1851 1432 544,

1156 1444 1355 1492 545‚588·

1098 1506 1268 1543 Joannes
1299 1507 1396 1553 Bta.,
1434 1506 1472 1544 S.
1500 1507 1546 1554 J.,
1581 1508 1852 1554 neapolitanus

1154 1570 1282 1615 etiam,
1303 1570 1385 1616 sed,
1405 1573 1448 1606 ut
1466 1570 1630 1614 videtur,
1647 1571 1852 1608 distinctus

1154 1642 1176 1667 a
1194 1631 1404 1677 superiore,
1426 1641 1515 1679 734.

1098 1694 1268 1730 Joannes
1299 1693 1488 1740 Ignatius,
1519 1693 1556 1730 S.
1594 1694 1640 1739 J.,
1674 1694 1772 1730 alius
1803 1694 1851 1730 ab

1151 1755 1298 1791 Joanne
1312 1755 1464 1801 Ignatio
1478 1753 1622 1801 Nieto?,
1647 1765 1734 1804 545,
1758 1755 1849 1804 589.

1098 1818 1268 1854 1030005
1301 1819 1348 1853 010
1374 1817 1562 1863 Moriera,
1597 1818 1713 1864 Stus.‚
1748 1828 1850 1864 opp„

1157 1889 1242 1929 359·

1098 1944 1269 1980 Joannes
1289 1943 1486 1990 Nicolaus,
1508 1943 1546 1980 S.
1567 1943 1614 1989 J.,
1641 1954 1724 1991 13¹·-

1098 2007 1269 2043 Joannes
1288 2006 1476 2052 Thomas,
1496 2006 1587 2042 olim
1610 2011 1734 2052 turca,
1761 2006 1849 2054 138.

1097 2070 1268 2107 Joannes
1294 2069 1365 2115 ΙΙΙ,
1392 2079 1459 2104 rex
1488 2069 1763 2116 Portugalliae,
1794 2080 1852 2106 re-

1156 2132 1260 2178 gium
1282 2131 1527 2178 gymnasium
1543 2132 1682 2167 artium
1698 2132 1854 2169 Conim-

1153 2195 1282 2231 bricae
1312 2193 1498 2230 Societati
1525 2194 1658 2240 tradit,
1688 2203 1755 2242 27;
1782 2204 1852 2240 pro

1154 2258 1349 2294 Societate
1377 2257 1544 2302 litteras,
1572 2257 1685 2304 hujus
1713 2257 1853 2294 doctri-

1152 2330 1225 2355 nae
1250 2330 1294 2355 ac
1311 2318 1496 2355 bonitatis
1512 2322 1642 2366 testes,
1664 2320 1852 2366 deposcit,

1156 2379 1217 2429 36;
1255 2391 1324 2427 pro
1358 2381 1504 2417 Joanne
1535 2381 1586 2418 111
1626 2381 1769 2418 Romae
1807 2392 1853 2418 ac

1151 2444 1307 2481 Laureti
1335 2454 1444 2480 sacra
1474 2443 1583 2489 fiunt,
1614 2453 1703 2493 279;
1730 2455 1765 2481 v.
1786 2444 1851 2493 48,

1154 2507 1215 2552 80,
1241 2516 1328 2552 332,
1352 2503 1442 2552 630,
1464 2502 1552 2553 766.

1098 2569 1183 2613 Job,
1207 2568 1245 2604 S.
1267 2568 1313 2614 J.,
1337 2567 1456 2603 frater
1474 2567 1655 2613 Petronii,
1680 2576 1769 2615 325.

1098 2631 1183 2677 Job,
1206 2630 1414 2677 patientiae
1435 2631 1646 2676 speculum,
1669 2639 1757 2677 703.

1098 2692 1203 2729 Jofre
1224 2693 1271 2728 de
1298 2692 1428 2739 Borja‚
1463 2692 1623 2738 Gaspar,
1647 2691 1852 2738 episcopus

1151 2756 1430 2802 segorbiensis,
1476 2755 1663 2791 Societati
1701 2755 1853 2791 studio-

1152 2829 1230 2863 sus,
1251 2817 1457 2854 Valentiae
1478 2817 1571 2864 obit,
1595 2814 1683 2854 216.

1097 2881 1229 2927 Jonas,
1250 2880 1430 2926 Jacobus,
1453 2880 1568 2916 aulici
1592 2879 1743 2916 consilii
1761 2879 1852 2916 Ger-

1153 2943 1303 2979 maniae
1330 2942 1692 2997 vicecancellarius,
1723 2941 1852 2978 Socie-

1156 3006 1225 3041 tati
1248 3004 1364 3051 favet,
1388 3001 1450 3051 76,
1470 3004 1533 3054 98.

1099 3067 1304 3112 Jordanus‚
1327 3067 1474 3112 doctor,
1496 3062 1629 3114 46—48.

1101 3130 1228 3176 Jorge,
1252 3129 1290 3166 P.
1314 3129 1483 3174 Marcus,
1511 3126 1549 3164 S.
1581 3127 1627 3174 J.,
1650 3136 1738 3176 724,
1762 3126 1849 3175 780.
