2008 3510
276 296 353 346 684
739 292 976 332 EPISTOLAE
1004 292 1338 333 MIXTAE—1282

224 412 332 448 runt
374 417 427 446 eo
471 411 702 463 tempore,
743 416 836 471 quo
878 397 1043 445 Xarife
1074 399 1301 463 ingressus
1332 409 1398 446 est
1428 400 1624 457 Fezam,
1655 416 1852 464 quorum

223 487 377 523 tamen
409 475 564 534 multi,
597 491 702 521 cum
733 474 999 521 christianos
1032 473 1343 538 alloquuntur,
1372 491 1463 520 non
1495 474 1589 521 sine
1615 474 1856 538 lachrymis

222 551 396 609 dicunt,
421 567 467 596 se
490 549 533 596 in
559 549 696 596 corde
720 565 855 595 ueros
878 565 971 595 esse
998 548 1169 595 Christi
1195 548 1365 606 fideles;
1391 550 1467 596 sed
1495 560 1738 614 propterea
1760 550 1852 596 dis-

221 623 452 681 simulare,
481 641 534 669 ne
561 640 707 687 poena
731 623 889 686 capitis
915 622 1187 680 multentur,
1208 623 1333 687 quod
1354 639 1500 687 nuper
1520 623 1649 670 Elcbi
1673 624 1854 671 cuidam

222 699 399 758 accidit,
426 714 682 762 parumque
708 696 869 754 abfuit,
895 697 1005 761 quin
1032 708 1330 743 mercatorem
1363 698 1499 743 etiam
1536 697 1867 758 interficerent,

222 791 363 839 quem
388 773 600 820 dicebant
624 773 681 820 ad
707 789 861 837 regem
887 771 1165 836 perscribere
1190 789 1306 836 quae
1329 771 1414 819 illic
1438 772 1701 836 agebantur.

289 850 416 913 Ego,
454 865 560 895 cum
592 848 635 894 in
667 848 749 894 hac
781 847 964 894 ciuitate
995 847 1240 893 nonnullos
1274 847 1554 905 christianos,
1589 864 1634 894 se
1671 865 1854 895 mauros

221 941 329 982 esse,
348 923 496 970 dicere
521 923 761 980 audissem,
782 923 933 968 statim
955 939 1032 969 eos
1049 921 1243 968 conueni
1263 938 1426 986 magna
1445 939 1551 968 cum
1570 922 1852 980 dexteritate,

221 1016 302 1045 nec
326 999 421 1045 sine
447 998 566 1044 vitae
590 1014 717 1044 meae
742 996 958 1060 periculo,
975 998 1007 1043 si
1035 997 1081 1043 id
1098 995 1262 1043 Xarife
1281 996 1597 1044 renunciatum
1617 1009 1751 1055 esset3
1775 998 1854 1045 sed

219 1074 391 1138 placuit
416 1073 522 1118 Deo
556 1083 607 1118 vt
637 1089 798 1118 omnes
832 1070 924 1118 fere
956 1072 1011 1118 ad
1044 1083 1244 1118 sanctam
1277 1071 1418 1119 fidem
1452 1082 1652 1118 nostram
1686 1073 1853 1118 reuersi

218 1149 323 1196 sint.
363 1147 562 1194 Absolui
594 1158 826 1210 praeterea
860 1162 951 1192 xm
984 1145 1055 1193 uel
1088 1162 1217 1204 xum,
1249 1147 1326 1211 qui
1361 1147 1449 1194 huc
1479 1158 1699 1194 venerant
1728 1148 1850 1195 idem

219 1221 397 1279 facturi,
423 1233 468 1267 et
493 1221 603 1267 alios
627 1221 778 1279 etiam,
805 1221 881 1285 qui
907 1221 997 1267 iam
1023 1219 1242 1279 fecerant3
1263 1221 1317 1267 ad
1338 1221 1462 1286 quod
1488 1222 1734 1286 agendum,
1760 1239 1850 1268 non
1882 1253 1885 1255 v

218 1313 382 1360 parurn
410 1296 522 1343 mihi
549 1313 621 1343 me
645 1295 761 1342 iuuit
786 1295 858 1342 illa
883 1295 1051 1359 porti0‚
1078 1312 1193 1359 quae
1217 1295 1329 1342 mihi
1361 1313 1385 1342 a
1418 1296 1675 1343 cardinale¹
1703 1295 1851 1344 defer-

217 1383 307 1429 tur,
336 1388 453 1436 quae
477 1382 706 1435 praeterea
731 1369 851 1429 fecit,
879 1381 928 1416 vt
952 1371 1182 1417 nonnullis
1197 1371 1291 1417 aliis
1311 1387 1383 1416 me
1403 1370 1726 1417 auxiliaturum
1752 1371 1851 1434 pol-

216 1445 390 1503 licerer,
418 1445 496 1509 qui
521 1461 578 1491 ex
603 1444 870 1491 Andaluzia
895 1461 1000 1491 cum
1028 1444 1246 1492 vxoribus
1279 1456 1323 1491 et
1347 1444 1447 1491 filiis
1479 1456 1728 1504 venerunt,
1754 1456 1804 1492 vt
1827 1463 1851 1491 a

216 1519 385 1566 Christi
413 1519 502 1566 fide
527 1519 832 1576 discederent;
867 1537 987 1566 nunc
1019 1536 1127 1566 vero
1160 1537 1184 1566 a
1213 1519 1420 1566 Domino
1452 1531 1610 1566 nostro
1641 1520 1702 1566 ita
1725 1537 1850 1566 com-

216 1595 330 1641 moti
358 1594 590 1651 videntur,
617 1604 667 1640 vt
693 1594 890 1640 maxime
914 1594 1189 1657 desyderent
1212 1595 1406 1641 domum
1432 1595 1588 1642 redire.

283 1669 477 1716 Horum
510 1685 629 1715 vnus
660 1668 770 1714 mihi
803 1669 1012 1732 promisit
1042 1668 1156 1715 velle
1186 1685 1231 1716 se
1265 1669 1417 1716 virum
1448 1670 1678 1734 quendam
1722 1669 1851 1717 nobi-

217 1744 325 1801 lem,
362 1743 432 1790 hic
463 1742 719 1806 captiuum,
752 1760 843 1789 una
883 1760 1035 1789 secum
1076 1743 1321 1800 deducere,
1356 1744 1433 1807 qui
1465 1742 1550 1807 pro
1590 1761 1670 1790 sua
1711 1744 1851 1808 ipsius

215 1818 530 1882 redemptione
564 1832 686 1864 1000
710 1817 981 1864 ducatorum
1016 1829 1170 1881 posset
1200 1818 1478 1882 expendere,
1503 1818 1549 1865 id
1573 1818 1725 1882 quod,
1751 1819 1849 1882 ipso

215 1892 529 1942 dissimulante
546 1931 558 1950 ,
592 1892 663 1939 hic
707 1892 958 1956 ignoratur.
1003 1892 1057 1938 I‘n
1101 1893 1182 1939 hac
1223 1891 1514 1940 hebdomada
1555 1909 1647 1938 non
1683 1909 1848 1956 parum
1914 1911 1916 1914 ’

216 1967 417 2015 laboraui
443 1967 577 2014 vnius
603 1966 953 2031 portugallensis
975 1984 1121 2025 causa,
1147 1967 1226 2032 qui
1251 1967 1367 2015 dixit
1390 1984 1436 2014 se
1461 1984 1673 2014 maurum
1698 1968 1848 2015 omni-

218 2059 280 2089 no
316 2042 619 2100 moriturum;
658 2052 815 2105 postea
846 2057 957 2088 vero
991 2041 1080 2088 Dei
1113 2042 1259 2106 gratia
1293 2042 1562 2089 sententiam
1600 2042 1844 2089 reuocabit.

220 2118 489 2181 Antequam
515 2127 797 2180 aegrotarem
827 2116 1084 2180 (aegrotaui
1120 2126 1272 2164 autem
1308 2133 1400 2163 non
1429 2117 1523 2164 sine
1558 2133 1723 2181 magna
1746 2133 1845 2163 cor-

216 2193 342 2256 poris
368 2191 722 2253 imbecillitate),
747 2190 807 2237 ob
842 2191 1035 2237 alterum
1069 2190 1456 2255 portugallensem
1490 2208 1546 2237 ex
1572 2191 1774 2255 Tanger,
1800 2191 1844 2237 in
1866 2226 1871 2232 .

216 2283 386 2330 magno
418 2283 492 2313 me
526 2265 729 2330 periculo
762 2265 1032 2323 sentiebam,
1059 2283 1186 2323 nam,
1219 2283 1486 2313 maurorum
1517 2266 1845 2313 consuetudine

216 2341 407 2388 barbam
431 2352 476 2387 et
497 2340 684 2405 capillos
702 2357 876 2405 gerens,
896 2340 1074 2404 publice
1094 2341 1208 2388 dixit
1227 2358 1273 2387 se
1293 2341 1443 2388 vocari
1463 2340 1556 2389 Ali.
1576 2340 1719 2403 Quod
1738 2357 1843 2388 cum

214 2410 415 2463 rescisset
439 2415 575 2473 Cadi,
601 2415 679 2480 qui
711 2426 779 2462 est
808 2416 926 2462 inter
958 2416 1057 2463 illos
1086 2417 1213 2480 quasi
1244 2415 1514 2480 episcopus,‘'
1541 2415 1750 2462 hortatus
1778 2426 1845 2461 est

214 2507 321 2537 eum
346 2491 402 2537 ad
428 2507 696 2537 maurorum
719 2489 862 2553 legem
885 2490 1261 2555 persequendam3
1282 2491 1407 2554 quod
1427 2490 1461 2536 si
1487 2487 1667 2546 faceret,
1692 2500 1736 2535 et
1760 2488 1843 2552 ipsi

215 2565 404 2611 minime
429 2563 716 2612 defuturum.
740 2564 858 2628 Eg0‚
877 2581 983 2611 cum
1008 2581 1105 2611 rem
1128 2564 1332 2611 viderem
1353 2565 1414 2611 ita
1428 2563 1758 2628 perturbatam,
1778 2574 1842 2620 vt,

215 2656 310 2703 quo
335 2639 482 2703 magis
507 2639 633 2685 illum
660 2638 794 2685 multi
819 2639 1200 2698 adhortabantur,
1219 2656 1274 2686 ne
1299 2639 1384 2685 hoc
1409 2636 1595 2695 faceret,
1620 2654 1674 2684 eo
1699 2636 1843 2701 magis

215 2714 506 2772 irascebatur,
533 2730 581 2760 ac
609 2713 698 2760 iam
723 2724 966 2777 propterea
991 2713 1282 2771 desistebant,
1307 2713 1432 2777 quod
1458 2712 1566 2759 nihil
1592 2710 1686 2758 fere
1709 2712 1765 2758 de
1788 2728 1843 2757 eo

215 2789 309 2851 spei
335 2799 448 2834 esset
473 2788 727 2852 reliquum,
753 2787 925 2834 etiamsi
957 2804 1112 2834 sensus
1139 2789 1215 2851 (vt
1240 2788 1333 2834 fieri
1359 2787 1495 2849 solet)
1524 2802 1743 2850 magnum
1768 2801 1842 2832 me

215 2862 366 2908 subire
399 2861 651 2925 periculum
684 2871 787 2907 ante
824 2862 979 2908 oculos
1020 2861 1334 2925 proponebat;
1375 2861 1420 2907 in
1454 2860 1643 2908 Christo
1689 2871 1841 2906 tamen

215 2936 426 2995 confisus,
452 2936 508 2982 ad
531 2952 636 2984 eum
663 2934 765 2991 adii,
790 2946 834 2981 et
859 2935 1052 2999 genibus
1076 2935 1202 2982 flexis
1220 2935 1276 2982 ab
1296 2952 1351 2982 eo
1374 2935 1510 2982 omni.
1528 2933 1664 2981 animi
1689 2932 1841 2980 studio

217 3009 458 3075 rogabam,
500 3019 551 3056 vt
581 3026 665 3073 pro
696 3008 898 3073 quinque
928 3009 1098 3057 Christi
1130 3009 1273 3074 plagis
1305 3009 1393 3056 Dei
1426 3008 1612 3055 honoris
1645 3024 1841 3072 suaeque

273 3171 285 3197 ¹
345 3173 503 3211 Scilicet
522 3172 700 3219 Henrico,
720 3171 942 3208 Lusitaniae
961 3171 1144 3219 principe.
