2008 3510
263 236 340 276 472
729 222 964 261 EPISTOLAE
993 223 1239 265 Mix'rAE—1
1249 235 1264 261 1
1273 233 1324 274 97

211 332 302 378 Alli
329 331 532 378 todeschi
558 341 602 376 et
627 329 828 396 bohemj‚
854 329 963 376 assai
989 329 1176 376 sarebbe
1201 330 1246 376 in
1265 331 1411 395 questi
1437 330 1643 395 principij
1670 330 1839 378 confir-

213 407 340 453 marli
369 405 482 451 nella
502 403 618 462 fede,
642 415 687 450 et
711 404 785 467 poi
812 404 914 467 pian
942 404 1094 468 piano,
1118 421 1248 451 come
1272 405 1369 452 dice
1395 405 1422 451 il
1452 406 1509 452 R.
1541 406 1593 453 P.
1612 405 1683 452 M.
1706 406 1841 470 Igna-

214 481 291 537 tio,
318 480 416 543 piae
442 479 700 536 memoriae,
718 477 834 524 nelle
857 495 936 524 sue
951 478 1106 542 regole
1121 479 1165 525 d’
1186 479 1445 526 conuersar'
1466 478 1495 536 ¹,
1514 479 1687 543 pigliar'
1710 478 1842 526 fami—

215 555 358 600 liarita
381 570 465 600 con
485 553 570 599 tale
595 565 800 616 persone,
827 570 916 599 non
934 553 1290 614 contradicendo
1311 554 1381 600 alli
1402 554 1595 618 costumj
1626 555 1686 616 (si
1714 571 1843 600 come

215 629 256 675 fa
276 630 301 673 l’
322 628 537 675 demonio
579 645 659 691 per
695 628 883 691 inganar
917 628 943 672 l’
965 628 1114 674 anima
1155 629 1401 691 virtuosa),
1437 646 1511 675 ma
1554 629 1788 676 mettendo
1813 628 1841 674 l’

213 703 416 767 essempij
439 702 650 768 contrarij
672 702 823 748 inanzi
840 702 901 766 gli
922 702 1065 750 occhi.
1082 703 1157 748 Ne
1184 703 1381 749 anchora
1407 703 1468 749 mi
1490 720 1570 767 par
1590 703 1744 749 buono
1762 721 1843 750 vo-

214 779 278 824 ler
302 779 383 824 dar
406 777 637 841 conseglio
661 788 706 823 et
729 777 888 824 ordine
914 777 983 823 alli
1009 777 1107 823 altri
1136 777 1349 841 religiosi,
1377 794 1466 824 non
1493 779 1683 824 essendo
1710 795 1845 840 sopra

212 865 375 917 questo
400 853 635 910 ricercato,
661 852 815 916 perch’
835 852 879 899 in
906 852 1048 898 verita
1075 869 1165 898 non
1190 869 1414 916 cognosce
1445 853 1584 917 quelli
1618 853 1842 913 huomini,

213 928 269 973 ne
295 926 336 973 la
361 943 532 973 usanza
557 926 671 974 loro.
697 926 759 972 Et
783 926 951 990 perche
978 926 1168 990 qualche
1193 926 1319 973 uolta
1343 927 1367 972 ὲ
1394 927 1586 973 inuitato
1618 927 1663 974 di
1694 926 1843 986 fuora,

212 1002 356 1065 parmi
384 1002 418 1048 si
444 1002 627 1048 deueria
651 1000 864 1065 guardar’
883 1001 927 1048 di
950 1017 1043 1047 non
1069 1001 1400 1065 reprehendere
1425 1002 1470 1048 in
1497 1001 1648 1048 tauola
1666 1002 1844 1066 publice

212 1076 253 1122 la
277 1093 447 1122 vsanza
483 1076 528 1123 di
556 1076 722 1132 boemi,
765 1075 811 1121 in
839 1075 1046 1139 mangiar
1088 1087 1211 1122 tante
1235 1076 1448 1133 viuande,
1492 1087 1537 1123 et
1566 1077 1767 1123 chiamar
1804 1078 1846 1124 la

211 1162 346 1215 gente
370 1150 577 1209 barbara,
603 1150 786 1213 perche,
814 1150 1006 1196 essendo
1028 1149 1088 1195 lui
1114 1161 1254 1196 stesso
1278 1148 1514 1196 forestiero
1537 1162 1582 1197 et
1599 1151 1746 1198 alcuni
1772 1152 1844 1199 del

212 1225 403 1289 collegio
432 1225 483 1288 (li
509 1225 630 1290 quali
657 1224 989 1271 naturalmente
1010 1241 1157 1271 sonno
1183 1225 1313 1272 inuisi
1335 1242 1359 1271 a
1379 1236 1536 1290 questa
1556 1227 1731 1290 gente),
1754 1244 1844 1273 non

212 1300 357 1363 parmi
383 1316 407 1345 a
432 1299 668 1363 proposito
695 1299 880 1346 rendere
906 1298 935 1344 il
959 1298 1150 1363 collegio
1175 1318 1198 1346 e
1226 1317 1271 1346 se
1302 1311 1444 1346 stesso
1480 1301 1558 1364 piu
1591 1301 1772 1350 odioso:
1807 1301 1846 1348 la

212 1375 316 1439 qual
342 1392 446 1421 cosa
471 1373 729 1421 facilmente
755 1374 980 1431 accaderzi,
1005 1391 1051 1420 se
1071 1374 1096 1420 li
1124 1374 1272 1421 boemi
1311 1376 1500 1438 (ancora
1529 1376 1655 1423 siano
1688 1377 1845 1423 catho-

213 1450 306 1511 lici)
335 1450 544 1496 vedenno
570 1447 734 1496 desser'
754 1449 951 1511 reputati
978 1448 1169 1495 barbari.

277 1524 628 1571 Generalmente
661 1524 806 1587 parmi
839 1525 970 1570 esser’
991 1523 1148 1570 buono
1181 1524 1237 1570 de
1263 1541 1355 1570 non
1390 1525 1550 1588 parlar'
1571 1542 1710 1572 senon
1741 1543 1845 1573 cose

211 1617 471 1657 commune,
492 1610 537 1646 et
554 1599 830 1663 respondere
848 1616 872 1645 a
894 1599 1041 1662 quelle
1061 1599 1144 1646 che
1170 1599 1267 1645 loro
1291 1600 1327 1646 ci
1348 1600 1643 1647 domandino.
1671 1601 1845 1649 Perche

214 1691 305 1721 non
332 1675 355 1721 ἐ
379 1675 436 1721 da
461 1673 684 1731 dubitare,
709 1673 790 1719 che
815 1673 1094 1720 inuitandoci
1120 1673 1234 1731 loro,
1260 1674 1465 1720 daranno
1490 1675 1632 1721 anche
1650 1676 1846 1722 occasio-

215 1768 269 1797 ne
307 1750 556 1797 sufficiente
588 1750 633 1796 di
675 1748 854 1813 parlar';
894 1749 1048 1796 donde
1091 1766 1181 1795 non
1214 1750 1333 1796 vedo
1364 1767 1389 1796 a
1418 1767 1508 1814 que
1550 1751 1787 1814 proposito
1810 1752 1844 1799 si

213 1825 392 1872 douessi
417 1824 502 1871 dir'
526 1824 672 1870 molto
696 1823 767 1870 del
793 1840 999 1887 gouerno
1023 1822 1139 1870 della
1161 1840 1275 1882 casa,
1300 1841 1328 1870 o
1358 1840 1487 1871 come
1519 1826 1778 1888 gouernassi
1817 1826 1843 1872 li

214 1899 391 1957 fratelli,
416 1900 486 1945 ch'
508 1899 534 1945 li
559 1897 715 1945 facessi
742 1898 961 1961 mangiar'
982 1898 1090 1944 assai
1115 1915 1246 1961 pom,
1273 1909 1318 1944 et
1342 1898 1413 1944 ch'
1439 1899 1464 1945 li
1491 1899 1605 1946 dessi
1633 1899 1705 1946 del
1731 1916 1846 1963 pane

215 1974 401 2037 piccolo‚
427 1974 464 2020 si
491 1990 623 2020 come
654 1973 677 2019 ἐ
703 1972 818 2020 fatto
854 1973 999 2037 questi
1027 1973 1188 2037 giornj.
1217 1973 1390 2020 Perche
1427 1986 1584 2038 queste
1615 1991 1717 2021 cose
1749 1975 1846 2022 loro

216 2061 419 2095 notanno
443 2061 488 2094 et
511 2048 773 2095 diffundino
800 2065 893 2094 vno
918 2048 972 2093 al'
992 2048 1125 2106 altro,
1150 2059 1195 2094 et
1222 2049 1245 2094 ἐ
1263 2049 1424 2111 parlar’
1445 2049 1572 2113 quasi
1592 2050 1844 2096 secundum

214 2123 458 2186 imperium
484 2134 529 2169 et
554 2139 646 2168 non
672 2123 924 2168 secundum
949 2122 1197 2170 scientiam.
1223 2122 1281 2168 Di
1305 2123 1444 2169 modo
1461 2122 1533 2169 ch'
1555 2124 1615 2169 mi
1643 2121 1693 2169 fu
1717 2124 1846 2170 detto

217 2197 331 2244 nella
356 2197 507 2243 strada
530 2196 576 2243 d'
598 2213 685 2243 vna
712 2213 904 2259 persona
927 2196 970 2243 di
997 2212 1109 2259 gran
1136 2196 1366 2243 authorita
1390 2213 1573 2260 apresso
1593 2197 1619 2244 li
1637 2198 1842 2244 catholici

215 2283 260 2318 et
286 2271 496 2327 hussitae‚
521 2270 591 2317 ch'
613 2269 641 2316 li
669 2271 810 2316 nostri
844 2269 1006 2316 fratelli
1040 2287 1130 2316 non
1165 2270 1404 2316 hauessero
1437 2271 1677 2317 volontieri
1709 2271 1845 2335 quell’

216 2347 464 2409 superiore,
490 2358 534 2392 et
554 2345 615 2391 lui
633 2343 749 2391 fosse
765 2362 901 2408 parco
922 2356 965 2391 et
981 2345 1182 2392 sordido.
1207 2345 1347 2392 Certo
1368 2363 1459 2392 non
1483 2363 1533 2392 so
1554 2346 1597 2391 in
1616 2347 1687 2392 ch'
1706 2347 1846 2393 modo

218 2421 244 2466 li
270 2421 453 2484 giouani
479 2419 629 2466 boemi
654 2437 682 2465 o
707 2419 821 2477 altri,
849 2420 1128 2466 intendendo
1153 2419 1212 2466 tal
1237 2436 1342 2466 cosa
1366 2421 1440 2468 del
1464 2421 1710 2484 superiore,
1744 2438 1844 2468 ver-

217 2511 361 2540 ranno
385 2494 469 2540 alla
492 2494 794 2557 Compagnia·

281 2570 472 2631 Quanto
490 2569 556 2614 ala
569 2569 916 2615 conuersatione
934 2568 980 2616 di
1001 2585 1100 2616 casa
1120 2586 1204 2616 con
1233 2569 1260 2615 li
1286 2568 1464 2626 fratelli,
1485 2569 1556 2616 ch’
1577 2568 1694 2616 fosse
1716 2586 1844 2616 man-

215 2655 344 2690 sueto
369 2643 449 2707 piu
475 2643 545 2689 ch'
566 2653 760 2699 auster0‚
785 2654 830 2689 et
852 2644 922 2689 ch'
946 2661 1037 2690 non
1062 2644 1240 2690 andassi
1264 2655 1422 2690 contra
1446 2644 1475 2690 li
1503 2644 1678 2702 tentati,
1711 2662 1739 2691 o
1772 2643 1844 2690 fu-

214 2718 317 2764 riosi
344 2718 389 2764 di
413 2717 606 2774 cholera,
630 2721 713 2763 con
740 2718 912 2780 grande
946 2718 1263 2781 poenitentiae,
1299 2718 1466 2781 perche
1498 2729 1659 2782 questo
1695 2735 1786 2765 non
1818 2719 1842 2764 e

215 2793 344 2849 altro,
368 2808 457 2855 que
481 2791 724 2838 esacerbar'
747 2792 771 2837 li
800 2790 977 2849 fratelli,
1000 2803 1045 2838 et
1069 2792 1282 2856 spingerli
1309 2792 1376 2838 ala
1401 2792 1643 2839 rebellione
1664 2791 1846 2856 publica

269 2976 281 3001 ¹
340 2978 488 3014 Aureas
503 2977 642 3024 Ignatii
658 2979 809 3023 regulas
824 2977 942 3014 habes
957 2977 995 3013 in
1012 2974 1252 3016 Istruzione
1258 2982 1344 3028 per
1357 2975 1395 3016 z‘l
1407 2975 1598 3029 Collegio
1613 2975 1662 3016 di
1676 2976 1844 3029 Praga,

219 3042 258 3076 in
290 3041 445 3076 laudato
473 3051 588 3086 opere
618 3036 788 3084 Cartas,
822 3044 845 3076 t.
878 3048 935 3086 VI,
963 3050 1050 3086 pag.
1079 3048 1154 3088 455
1192 3044 1228 3076 et
1260 3051 1365 3088 seqq.
1393 3040 1450 3078 Cf.
1483 3041 1598 3077 etiam
1620 3051 1717 3087 quae
1745 3041 1845 3077 idem

220 3104 324 3141 Btus.
347 3102 457 3139 Pater
477 3103 592 3139 sociis
611 3102 889 3150 Ingolstadium
910 3102 1136 3149 profecturis
1160 3102 1336 3149 injunxit,
1351 3099 1464 3149 ibid„
1481 3113 1570 3149 pag.
1591 3113 1669 3151 499
1685 3107 1723 3140 et
1738 3113 1844 3150 seqq.
