2008 3510
762 280 811 311 22
839 281 1039 312 oc‘rossaxs
1071 267 1171 324 1556
1649 267 1726 320 467

153 364 363 426 stantiam
383 377 591 424 omnium
612 395 802 425 suorum
823 379 1093 438 amicorum,
1109 389 1154 425 et
1172 377 1378 438 adhibito
1393 393 1613 424 consensu
1634 378 1782 425 Patris

156 453 450 500 Ribadineira
468 465 513 499 et
528 454 736 500 omnium
757 453 951 501 fratrum
985 454 1012 501 ¹.
1045 454 1140 501 Hic
1165 465 1318 500 autem
1346 452 1528 516 reliquit
1553 452 1782 510 fratribus,

155 526 349 573 Louanii
375 526 679 584 studentibus,
711 539 762 574 vt
785 529 997 591 deinceps
1022 545 1106 574 suo
1127 528 1310 574 nomine
1330 527 1545 590 recipiant
1563 527 1785 574 ducentos

154 613 199 648 et
226 614 285 663 50
309 601 523 658 florenos,
550 601 637 648 hoc
662 614 743 659 est,
778 617 862 664 125
889 615 1015 650 scuta
1040 619 1097 649 ex
1123 619 1273 649 annua
1298 603 1527 665 pensione,
1553 619 1691 666 quam
1717 619 1786 648 re-

155 676 264 739 cipit
287 693 311 722 a
334 677 552 723 canonico
578 678 782 741 quodam
807 678 1134 742 antuerpiensi;
1166 678 1242 724 sed
1268 678 1311 723 in
1338 677 1532 724 discessu
1569 678 1787 725 Andeloti

155 751 303 797 dictus
327 752 570 797 canonicus
596 752 725 799 valde
750 769 855 816 egre
887 753 1034 798 voluit
1063 753 1237 799 soluere
1270 751 1520 808 Andeloto‚
1555 753 1720 799 dicens:
1754 753 1789 799 si

156 825 335 882 vellem,
364 842 454 871 non
480 826 636 872 darem
665 826 744 872 tibi
770 827 975 884 obolum,
997 827 1117 891 quia,
1138 826 1300 890 inquit,
1328 843 1419 872 non
1445 827 1582 873 habes
1603 827 1790 884 bullam,

156 900 234 946 sed
261 899 409 945 solum
431 900 680 963 simplicem
702 900 1000 964 signaturam.
1024 901 1136 947 Hoc
1152 911 1196 946 et
1214 900 1372 946 similia
1390 900 1505 946 dixit
1525 901 1585 946 ob
1604 901 1666 959 id,
1687 901 1793 964 quia

159 973 343 1020 volebat
373 973 455 1020 sibi
487 975 656 1021 dimitti
691 975 972 1037 pensionem,
1017 974 1086 1021 vel
1123 974 1311 1020 minima
1340 991 1519 1020 summa
1555 976 1792 1032 redimere,

163 1048 286 1112 quod
324 1048 588 1095 Andelotus
622 1049 782 1097 noluit.
828 1049 1027 1096 Proinde
1058 1065 1163 1113 ego,
1203 1049 1354 1095 statim
1396 1049 1656 1096 consultans
1685 1067 1790 1097 cum

161 1123 355 1181 notario,
390 1122 589 1169 intellexi
621 1140 710 1169 nos·
733 1140 836 1169 cum
864 1123 1054 1186 simplici
1079 1124 1310 1186 signatura
1330 1140 1421 1169 non
1438 1140 1568 1186 posse
1592 1123 1793 1187 compel—

160 1196 249 1242 lere
269 1197 395 1242 illum
413 1198 470 1244 ad
486 1197 776 1244 solutionem.
797 1198 956 1261 Itaque
974 1197 1107 1243 mitto
1127 1197 1250 1244 Rdo.
1279 1197 1329 1245 P.
1359 1198 1593 1245 Polancho
1612 1200 1793 1262 copiam

162 1271 292 1334 (quia
311 1271 353 1317 in
375 1271 574 1334 registris
593 1271 883 1318 inuenientur
899 1272 1148 1332 autentica)
1173 1272 1292 1318 dicte
1308 1272 1523 1335 simplicis
1543 1273 1793 1336 signature,

162 1345 197 1390 si
224 1343 341 1391 forte
365 1357 522 1408 posset
545 1346 696 1409 aliquo
723 1346 863 1392 modo
888 1346 1086 1409 gratiose
1117 1346 1361 1409 impetrare
1395 1346 1567 1392 bullam
1598 1348 1795 1411 desuper

160 1419 390 1482 expedire;
416 1436 521 1466 nam
547 1420 714 1483 alioqui
740 1418 833 1466 fere
857 1431 1007 1466 certus
1032 1437 1151 1478 sum,
1179 1422 1306 1483 quod
1333 1421 1442 1467 nihil
1470 1422 1666 1485 recipere
1692 1435 1796 1485 pot—

161 1493 330 1540 erimus
382 1511 406 1539 a
458 1493 581 1540 dicto
629 1494 871 1551 canonic03
920 1495 953 1540 si
1009 1512 1120 1541 vero
1174 1496 1504 1558 reciperemus,
1552 1514 1656 1542 sane
1704 1514 1794 1542 non

163 1568 343 1614 modice
376 1568 635 1615 subleuaret
667 1586 762 1616 nos.
796 1569 959 1616 Scribit
983 1570 1119 1615 etiam
1152 1570 1299 1615 dictus
1331 1569 1595 1617 Castilia-ad
1620 1572 1795 1618 dictum

163 1643 358 1701 Aialam,
393 1643 531 1690 vt‘P.
566 1643 849 1690 Polanchum
884 1644 927 1689 in
960 1661 1010 1689 ea
1044 1661 1089 1689 re
1115 1645 1265 1709 juuet;
1303 1661 1388 1690 nos
1421 1662 1530 1691 vero
1563 1646 1797 1692 soluemus

110 1741 120 1742 e
163 1719 287 1780 quod
307 1717 579 1764 soluendum
599 1719 700 1775 erit,
725 1725 1007 1782 quamquam
1027 1735 1298 1782 cuperemus
1320 1718 1449 1765 nobis
1469 1719 1562 1766 fieri
1586 1721 1795 1784 gratiam,

163 1792 196 1837 si
219 1809 308 1837 non
330 1793 371 1838 in
396 1803 510 1851 toto,
529 1792 686 1838 saltem
708 1793 753 1838 in
773 1805 914 1856 parte3
935 1793 1140 1857 intelligo
1157 1794 1277 1840 enirn
1302 1793 1437 1840 talem
1456 1794 1795 1858 expeditionem

163 1877 369 1912 constare
394 1865 487 1913 fere
512 1877 696 1913 centum
723 1867 914 1915 ducatis.

231 1940 373 2003 Quod
400 1942 458 1987 ad
484 1958 554 1987 res
580 1953 754 1987 nostras
778 1942 951 1998 attinet,
977 1942 1168 1988 omnino
1187 1942 1369 1989 confido
1395 1943 1439 1988 in
1467 1942 1688 1999 Domino,
1716 1959 1798 1988 nos

165 2015 281 2061 circa
324 2015 592 2078 proximum
634 2031 714 2061 ver
754 2015 988 2061 habituros
1031 2016 1181 2062 locum
1223 2016 1446 2079 amplum,
1492 2016 1715 2080 nobisque
1753 2027 1797 2062 et

166 2090 482 2140 communitati
516 2089 813 2136 commodum
848 2107 933 2153 pro
963 2090 1169 2153 collegio,
1207 2102 1251 2136 et
1288 2091 1395 2137 haec
1428 2107 1496 2136 res
1530 2091 1677 2136 nescio
1708 2107 1797 2154 qua

167 2163 354 2211 fantasia
378 2165 502 2228 quasi
524 2165 580 2210 ab
598 2177 725 2211 extra
746 2165 846 2211 vult
867 2165 974 2211 mihi
1001 2164 1189 2211 obuiare
1213 2177 1258 2211 et
1284 2166 1526 2223 retrahere,
1553 2165 1679 2229 quod
1706 2181 1796 2210 non

166 2237 242 2284 ibo
286 2239 506 2297 Romam,
550 2249 600 2284 vt
640 2239 842 2284 intersim
884 2252 1061 2284 sanctae
1104 2239 1463 2302 congregationi.
1503 2239 1633 2295 Item,
1672 2239 1798 2302 quod

167 2313 345 2359 videam
370 2329 528 2359 omnes
550 2313 682 2360 valde
715 2312 987 2373 aedificatos,
1027 2324 1073 2358 et
1107 2314 1315 2360 Domino
1345 2314 1600 2360 cordialiter
1633 2314 1798 2376 gratias

166 2399 363 2450 agentes,
379 2404 484 2433 cum
504 2387 805 2450 intelligerent
826 2404 896 2433 me
920 2404 1008 2432 non
1030 2386 1365 2450 profecturum3
1388 2405 1491 2434 nam
1510 2405 1656 2451 nuper
1672 2399 1797 2433 totus

124 2447 134 2459 κ
167 2472 350 2524 paratus
373 2478 496 2508 eram
521 2473 565 2508 et
589 2462 804 2508 omnibus
829 2461 1149 2519 valedixeram,
1180 2463 1420 2510 intendens
1445 2463 1661 2526 postridie
1687 2479 1796 2526 pro-

167 2536 315 2595 ficisci,
342 2549 386 2584 et
410 2554 509 2584 ecce
533 2537 685 2583 subito
712 2537 900 2583 aderant
924 2536 1079 2582 literae
1106 2537 1157 2585 P.
1182 2538 1256 2596 V.,
1282 2538 1463 2601 quibus,
1489 2538 1797 2584 differendum

167 2628 259 2657 esse
284 2611 367 2657 iter
391 2612 526 2668 istud,
552 2611 850 2658 indicabatur.
878 2610 985 2657 Hec
1011 2610 1175 2668 scribo,
1203 2611 1350 2669 Pater,
1377 2622 1427 2657 vt
1450 2612 1575 2658 omni
1596 2629 1651 2657 ex
1672 2622 1799 2674 parte

168 2701 411 2732 exonerem
437 2685 756 2732 conscientiam
784 2702 944 2731 meam.

238 2759 330 2805 His
356 2759 500 2806 valeat
524 2760 568 2805 in
594 2760 803 2806 Domino
829 2760 938 2820 Jesu
967 2759 1067 2805 P.tas
1100 2760 1173 2816 V.,
1198 2771 1242 2806 et
1269 2776 1349 2805 nos
1375 2760 1465 2805 suis
1494 2758 1801 2822 omnibusque

176 2834 364 2880 Patrum
411 2852 459 2880 ac
514 2833 711 2880 fratrum
765 2833 1047 2880 orationibus
1103 2850 1183 2880 nos
1233 2835 1585 2887 ,commendatos
1638 2834 1800 2879 habere

226 3017 237 3041 ¹
294 3020 427 3056 Finem
449 3021 605 3067 hujusce
629 3020 830 3056 miserrimi
858 3020 1134 3066 adolescentis,
1155 3020 1192 3055 in
1221 3021 1320 3058 mala
1342 3021 1471 3057 omnia
1491 3021 1673 3067 prolapsi,
1697 3026 1799 3055 retu-

172 3081 285 3117 limus
316 3092 362 3117 ex
393 3082 644 3119 Rivadeneira
679 3083 715 3118 in
750 3083 957 3127 POLANCO,
992 3086 1015 3118 t.
1051 3090 1108 3127 VI,
1138 3093 1223 3129 pag.
1257 3095 1346 3130 447,
1382 3084 1470 3129 448,
1503 3094 1538 3120 n.
1579 3083 1797 3130 1916-1921

172 3147 301 3182 annot.
328 3155 360 3181 1.
