2008 3510
306 233 382 285 798
758 231 992 271 Emsronm
1022 214 1254 270 MixTAE-ss-
1266 241 1366 282 1329

251 338 459 397 fessione,
485 349 529 384 et
553 338 694 384 anche
718 337 898 384 stiamo:
925 354 1028 383 cosa
1052 347 1315 384 ueramente
1338 337 1397 384 da
1422 336 1782 401 marauegliarse,
1806 354 1885 384 ue-

251 412 403 459 dendo
438 412 593 458 uenire
623 410 669 458 d'
690 411 941 468 Anchona,
983 410 1239 467 Macerata,
1272 410 1484 475 Cinguli,
1518 421 1563 457 et
1597 411 1884 468 Montechio,

250 497 367 533 terre
390 485 585 532 discoste
613 485 670 532 da
694 495 857 549 questo
890 484 1063 548 luogho
1095 498 1148 547 15
1176 484 1318 542 milia,
1350 485 1504 531 uenire
1532 501 1622 549 qua
1651 501 1677 531 a
1705 483 1885 532 confes-

252 577 372 606 sarse
403 559 460 606 da
485 560 578 618 noi,
611 570 655 605 et
686 559 825 606 anche
855 559 912 606 de
939 559 1120 618 Pesaro,
1146 559 1340 606 discosta
1371 569 1437 605 tre
1469 558 1696 623 giornate;
1727 566 1802 605 m'a
1829 560 1886 606 de

251 635 331 698 pisi
357 651 471 699 gran
504 634 779 698 maraueglia
809 633 881 693 fu,
915 634 1080 682 uedere
1110 634 1154 681 di
1186 634 1426 694 Ricanato,
1457 634 1612 681 uenire
1637 651 1661 680 a
1684 635 1887 681 dormire

251 726 340 773 qua
372 710 413 755 la
443 719 570 755 notte
601 726 625 755 a
655 720 786 772 posta
817 725 897 772 per
925 708 1002 755 tal'
1022 708 1196 768 effetto,
1229 709 1440 757 uenendo
1471 708 1513 755 la
1542 719 1668 756 notte
1698 726 1723 755 a
1752 709 1886 756 ritro-

250 784 387 842 uarci,
412 802 441 831 o
466 785 512 831 in
537 801 651 842 casa,
670 802 698 831 o
722 784 897 831 altroue
921 801 1001 848 per
1023 783 1313 842 confessarse,
1329 801 1358 830 o
1382 784 1562 831 almeno
1580 800 1662 848 per
1683 795 1887 831 ottenere

253 859 282 906 il
308 860 460 922 primo
491 876 520 905 o
545 874 571 906 2
598 876 627 906 o
652 873 679 920 3
707 858 896 923 luogho,
920 869 965 906 et
993 859 1183 907 essendo
1211 859 1294 906 che
1323 858 1518 906 discosta
1545 858 1608 906 sia
1639 858 1887 906 solamente

251 944 320 981 tre
346 933 483 980 milia.

319 1009 362 1055 Si
390 1025 504 1054 sono
530 1006 641 1054 fatte
667 1008 807 1055 molte
830 1009 953 1072 paci,
977 1019 1022 1055 et
1045 1007 1114 1055 fra
1143 1008 1182 1055 le
1206 1008 1317 1055 altre
1341 1025 1431 1054 una
1454 1008 1604 1073 degna
1626 1008 1683 1055 de
1707 1007 1889 1054 laudare

253 1083 387 1130 Iddio
411 1083 473 1129 N.
502 1083 561 1139 S.,
586 1083 780 1130 essendo
804 1083 886 1130 che
906 1084 1035 1130 molti
1063 1083 1208 1148 giorni
1228 1083 1407 1130 haueuo
1426 1093 1602 1130 cereato
1626 1082 1683 1129 de
1701 1098 1888 1128 concor-

251 1157 381 1215 darli,
406 1168 450 1203 et
475 1174 567 1203 non
593 1157 818 1220 potendo‚
845 1158 889 1204 ni
914 1175 995 1221 per
1021 1174 1113 1215 me,
1142 1158 1184 1204 ni
1211 1174 1291 1221 per
1316 1174 1483 1204 mezzo
1507 1157 1651 1204 daltrc
1675 1172 1887 1220 persone,

251 1233 354 1279 anzi
388 1233 589 1296 parendo
624 1233 706 1279 che
738 1231 766 1277 l’
785 1249 878 1279 uno
911 1233 991 1297 pisi
1023 1233 1298 1290 sindurasse,
1332 1232 1593 1279 finalmente
1622 1231 1663 1278 el
1695 1231 1886 1278 uenerdi

252 1320 382 1354 santo
407 1325 435 1354 o
460 1307 649 1371 giouedi
676 1308 719 1354 lo
752 1307 938 1355 ritrouai
969 1308 1014 1354 in
1045 1308 1208 1366 chiesa,
1240 1319 1285 1354 et
1314 1308 1376 1371 gli
1407 1307 1545 1371 parlai
1577 1306 1722 1353 molto
1754 1322 1889 1369 sopra

252 1383 299 1430 di
330 1382 423 1440 cio,
454 1395 498 1428 et
528 1382 810 1441 finalmente,
843 1383 1194 1430 rimandandolo
1224 1383 1438 1430 indurato
1468 1399 1598 1429 come
1627 1381 1795 1446 prima,
1827 1381 1888 1445 gli

253 1456 369 1504 disse
406 1456 490 1503 che
528 1456 562 1502 si
606 1457 848 1520 guardasse
884 1457 928 1504 d'
950 1457 1124 1503 irritare
1154 1457 1215 1504 N.
1251 1457 1310 1514 S„
1342 1467 1388 1503 et
1422 1457 1505 1503 che
1541 1455 1694 1502 auanti
1727 1455 1887 1520 pocchi

255 1531 403 1595 giorni
429 1548 474 1578 se
496 1548 550 1578 ne
575 1531 854 1595 pentirebbe.
887 1531 949 1579 Et
972 1532 1066 1578 cosi
1094 1532 1118 1578 ἐ
1143 1532 1376 1588 accaduto‚
1395 1531 1578 1594 perche,
1599 1530 1770 1577 benche
1796 1546 1889 1576 non

254 1606 451 1670 pensassi
485 1606 528 1653 io
553 1623 576 1651 a
606 1606 776 1663 niente,
809 1623 882 1652 ma
913 1606 1106 1670 parlasse
1136 1623 1267 1653 come
1299 1606 1444 1670 soglio
1474 1604 1570 1652 fare
1599 1616 1644 1652 et
1673 1605 1770 1652 dire
1801 1604 1890 1669 agli

254 1680 353 1726 altri
387 1680 877 1738 inaduertentemente3
904 1681 1184 1727 nondimeno
1216 1681 1277 1728 N.
1311 1682 1353 1728 S.
1380 1680 1423 1726 lo
1448 1679 1543 1727 fece
1573 1680 1603 1726 il
1627 1680 1791 1744 giorno
1823 1696 1892 1726 se-

255 1766 422 1819 quente
447 1756 641 1801 amalare
668 1755 715 1802 di
740 1756 799 1802 tal
824 1766 966 1815 sorte,
991 1757 1073 1803 che
1107 1758 1248 1819 penso
1282 1756 1464 1814 morire,
1496 1765 1542 1802 et
1572 1755 1768 1802 anchora
1799 1771 1892 1801 non

254 1840 323 1876 sta
354 1830 513 1876 sicuro.
549 1829 671 1893 Egli,
701 1830 982 1877 ricordeuole
1012 1831 1068 1878 de
1101 1831 1189 1876 mie
1220 1829 1396 1894 parole,
1423 1829 1892 1877 inaduertentemente

254 1904 392 1961 dette,
417 1903 569 1950 subito
598 1921 669 1950 me
700 1903 794 1950 fece
819 1905 1058 1962 chiamare,
1091 1915 1136 1951 et
1165 1906 1198 1951 si
1232 1903 1441 1952 confesso
1471 1915 1517 1951 et
1546 1904 1789 1951 comunico
1822 1902 1892 1950 nel

255 1979 365 2026 letto
391 1978 419 2025 il
443 1979 492 2025 di
519 1980 562 2025 di
589 1981 768 2042 pascha,
794 1979 906 2026 fatta
932 1981 970 2027 la
996 1997 1103 2044 pace
1122 1982 1189 2027 coi
1215 1981 1314 2027 suoi
1338 1992 1406 2027 tre
1426 1980 1604 2039 nemici,
1629 1980 1692 2027 im
1712 1996 1892 2044 presen-

255 2054 315 2100 tia
340 2063 507 2110 nostra,
532 2070 615 2100 con
643 2053 905 2101 abondante
930 2055 1162 2118 lachryme
1191 2066 1236 2102 et
1266 2054 1549 2102 edificatione
1580 2054 1684 2110 delli
1714 2054 1889 2102 astanti.
1956 2112 1959 2114 Ὗ

254 2128 436 2175 Adesso
461 2139 590 2175 tanto
616 2129 639 2174 ἐ
666 2126 949 2176 affettionato
974 2147 998 2175 a
1024 2131 1113 2187 noi,
1139 2130 1221 2176 che
1240 2130 1337 2176 dice
1362 2147 1453 2176 non
1480 2130 1607 2176 uoler
1625 2130 1790 2176 hauere
1810 2128 1889 2192 pi&

254 2203 366 2250 altra
387 2203 730 2250 conuersatione
755 2204 837 2250 che
864 2204 903 2250 la
931 2216 1096 2251 nostra.
1125 2204 1187 2252 N.
1215 2205 1255 2251 S.
1281 2204 1342 2268 gli
1367 2205 1441 2250 dia
1465 2220 1806 2267 perseueranza.

322 2278 419 2324 Un'
440 2277 577 2336 altro,
602 2278 754 2324 subito
785 2279 866 2325 che
890 2278 924 2325 si
957 2277 1007 2324 fu
1038 2277 1294 2326 confessato
1324 2295 1410 2325 con
1443 2279 1534 2338 noi,
1564 2278 1686 2327 ando
1710 2295 1734 2325 a
1758 2278 1891 2324 ritro-

254 2369 361 2398 uare
388 2369 472 2398 suo
500 2352 691 2409 nemico,
716 2363 761 2398 et
785 2369 830 2398 se
856 2353 917 2416 gli
943 2355 1073 2417 getto
1100 2353 1171 2400 alli
1202 2354 1325 2417 piedi
1355 2370 1441 2400 con
1471 2353 1646 2418 grande
1679 2353 1889 2413 humilta,

254 2437 299 2472 et
323 2426 357 2472 si
383 2425 657 2490 pacificorno
681 2443 768 2473 con
792 2427 1089 2476 edificatione.

318 2500 456 2558 Altri,
482 2501 685 2564 sapendo
715 2501 797 2547 che
829 2501 872 2547 io
896 2503 1115 2549 cerchaua
1147 2502 1342 2566 parlarli,
1375 2502 1527 2549 subito
1558 2501 1593 2548 si
1626 2502 1889 2549 ritrouorno

255 2574 441 2621 insieme
473 2576 624 2621 auanti
650 2575 694 2622 d'
716 2592 808 2622 uno
841 2576 923 2622 che
953 2577 996 2623 io
1023 2577 1196 2623 haueua
1225 2577 1491 2623 constituito
1524 2593 1605 2640 per
1634 2577 1889 2634 hauisarme

255 2650 441 2712 quando
467 2649 528 2713 gli
556 2650 754 2707 uedesse,
780 2660 825 2696 et
849 2651 881 2696 si
909 2651 1181 2714 pacificorno
1209 2651 1237 2698 il
1262 2652 1311 2698 di
1336 2663 1553 2716 seguente
1577 2651 1660 2698 che
1683 2667 1728 2698 se
1752 2666 1888 2697 erano

256 2723 424 2770 battuti
449 2723 647 2771 insieme.

320 2798 442 2844 Altri
468 2798 741 2846 similmente
766 2798 919 2846 hanno
943 2816 1194 2864 promesso,
1221 2800 1394 2847 benche
1418 2800 1511 2847 sian
1536 2799 1702 2858 offessi,
1733 2799 1887 2847 humi-

265 2982 445 3033 Quadr„
473 2988 499 3023 t.
521 2993 579 3030 111,
599 2996 685 3032 pag.
708 2987 893 3032 374-376‚
915 2987 1092 3033 diemque
1114 2986 1292 3034 praefert,
1309 2990 1350 3023 ut
1370 2991 1512 3033 nostra,
1536 2997 1582 3033 23
1604 2986 1749 3033 Aprilis
1773 2994 1884 3034 1555.

258 3047 474 3085 Videantur
497 3049 633 3095 etiam,
667 3045 780 3096 ibid,
802 3059 889 3095 pag.
911 3050 1095 3096 317-326,
1118 3050 1267 3086 litterae
1301 3050 1471 3097 ejusdem
1492 3049 1676 3096 Manarei‚
1697 3059 1718 3095 3
1741 3049 1886 3095 Aprilis

258 3109 408 3157 ignatio
430 3111 554 3148 datae.
