2040 3528
271 283 321 311 22
729 271 965 309 EPISTOLAE
995 269 1168 309 ΜιΧτΑΕ
1176 292 1229 300 -
1239 282 1342 323 1044

214 378 339 426 darei
373 378 418 424 in
450 378 522 424 cio
556 376 746 441 qualche
778 376 980 434 ricordo,
1014 376 1041 423 li
1074 393 1252 423 saremo
1285 378 1431 425 tenuti
1457 378 1502 426 di
1530 396 1641 426 vero
1665 380 1860 445 obbligo

214 454 260 500 di
286 453 538 509 affettione,
574 453 668 498 cosi
701 469 783 515 per
817 463 979 516 questo
1009 452 1181 511 officio,
1208 469 1340 499 come
1372 470 1454 517 per
1480 454 1628 501 lamor
1658 455 1740 502 che
1772 456 1861 503 ella

215 539 387 574 mostra
410 527 455 573 di
482 527 623 572 hauet-
645 536 832 590 portato
857 543 882 572 a
907 537 1064 573 nostro
1089 525 1269 573 fratello
1295 539 1472 575 mentre
1497 545 1572 575 era
1596 530 1642 576 di
1668 546 1781 594 qua,
1809 542 1855 577 et

214 602 259 648 di
285 601 473 665 portarli
505 601 717 649 anchora.
745 601 810 648 Et
832 618 970 647 senza
995 601 1075 664 piu
1100 601 1221 660 dire,
1252 601 1294 647 la
1318 601 1578 649 lasciaremo
1607 603 1722 650 colla
1745 620 1859 668 pace

213 676 285 722 del
324 677 482 739 signor
519 675 636 732 Dio,
674 675 1179 722 raccommandandone
1229 675 1311 721 alle
1352 676 1546 723 orationi
1594 694 1673 724 sue
1709 677 1736 726 ¹.
1780 678 1860 724 Da

214 750 408 796 Venetia
432 749 504 795 alli
529 749 572 814 iij
600 749 852 796 d'Ottobre
878 749 953 797 M.
982 749 1040 796 D.
1070 749 1170 796 LV.
1197 749 1333 796 Buon
1357 749 1532 813 figliolo
1558 751 1604 798 di
1628 751 1688 799 V.
1715 753 1776 811 S.‚

841 839 843 841 ’
921 824 1156 870 Mmmm.
1180 824 1373 871 SURIAN
1411 824 1724 875 CAUALLIER.

277 899 531 961 Inscriptio:
557 898 619 944 Al
648 899 770 946 Rdo.
802 899 950 946 Padre
974 899 1105 947 Mro.
1138 899 1343 962 Ignatio,
1378 900 1614 964 preposito
1646 900 1858 965 generale

210 972 328 1019 della
350 973 707 1037 congregatione
730 973 788 1020 de
810 973 942 1033 Jessi,
967 973 1124 1037 signor
1150 974 1259 1021 mio.

961 1150 1103 1184 1⁰44

743 1236 984 1274 ANDREAS
1013 1237 1252 1274 FERNAND
1259 1237 1319 1274 EZ

528 1325 746 1371 PATRI
781 1324 1040 1384 JOANNI
1076 1324 1171 1372 DE
1208 1324 1535 1372 POLANCO

700 1420 897 1447 LUGDUNO
927 1423 951 1460 9
981 1420 1185 1447 OCTOBRIS
1218 1421 1318 1461 1555
1340 1409 1371 1450 2.

317 1489 559 1525 Theotonius
579 1489 626 1525 de
646 1489 849 1540 Braganca
868 1489 1025 1526 Parisiis
1045 1491 1128 1526 vult
1148 1490 1373 1537 consistere,
1397 1491 1614 1527 studiorum
1637 1501 1743 1537 ergo.

1030 1567 1053 1602 ’l‘

317 1663 328 1674 ,
982 1604 1086 1665 Jhs.

273 1695 383 1742 Mui
412 1697 535 1743 Rdo.
561 1713 634 1743 em
656 1696 742 1744 X.⁰
767 1696 924 1744 Padre.
946 1696 1015 1743 La
1033 1697 1187 1760 gracia
1204 1714 1234 1760 y
1258 1714 1389 1744 amor
1407 1697 1480 1744 del
1499 1696 1677 1761 Spiritu
1696 1708 1857 1744 sancto

206 1785 280 1815 sea
315 1786 495 1833 sempre
530 1788 587 1818 en
624 1782 812 1817 nuestro
844 1769 980 1817 fauor
1011 1789 1038 1834 y
1077 1771 1228 1820 aiuda.
1261 1771 1439 1821 Amen.
1466 1772 1571 1836 Oje,
1597 1770 1856 1829 miercoles,

211 1858 237 1904 9
262 1844 318 1890 de
345 1844 528 1891 Otubre
559 1844 805 1908 allegamos
829 1862 854 1890 a
878 1845 1032 1903 Leon,
1063 1862 1092 1909 y
1123 1845 1310 1892 allamos
1341 1845 1451 1910 aqui
1483 1862 1547 1892 vn
1578 1861 1739 1892 correo
1763 1861 1853 1909 que

207 1918 345 1964 venia
368 1919 425 1966 de
452 1919 730 1983 Portugual‚
756 1936 785 1982 y
811 1918 945 1983 loego
970 1931 1064 1966 esta
1088 1919 1217 1966 tarde
1241 1936 1287 1966 se
1312 1920 1463 1983 partia
1487 1936 1596 1983 para
1622 1920 1795 1978 Roma,
1825 1936 1853 1981 y

209 2010 295 2055 por
320 1993 359 2039 el
386 1993 512 2058 quise
537 1994 706 2040 screuir
730 1995 756 2040 a
779 1993 837 2041 V.
868 1994 929 2042 R.
956 2005 1080 2040 estos
1104 1993 1389 2058 rrenglones‚
1409 2011 1494 2058 por
1520 1993 1701 2040 hazerle
1724 1993 1859 2040 saber

209 2068 266 2115 de
291 2080 514 2115 nosotros.
545 2069 616 2115 La
639 2068 991 2126 detriminacion
1019 2068 1076 2116 de
1100 2069 1193 2116 don
1218 2069 1454 2116 Teotonio
1491 2086 1538 2115 es
1567 2085 1748 2132 esperar
1770 2085 1855 2132 por

209 2142 317 2207 aqui
343 2160 429 2206 por
456 2143 650 2202 Francia
675 2155 909 2208 respuesta
932 2144 990 2190 de
1016 2143 1079 2190 las
1096 2156 1242 2191 cartas
1260 2161 1351 2208 que
1373 2143 1510 2191 enbi6
1534 2160 1621 2208 por
1637 2143 1677 2190 el
1696 2143 1858 2190 criado

263 2267 277 2293 ¹
333 2272 425 2308 Ideo
452 2272 573 2309 nostri
600 2283 680 2308 rem
702 2272 917 2319 urgebant,
937 2276 1019 2308 tum
1046 2272 1136 2319 quia
1164 2273 1412 2310 existimabat
1437 2272 1631 2319 Ignatius,
1651 2277 1694 2309 ut
1719 2271 1856 2308 scribit

208 2333 423 2380 POLANCO,
443 2339 470 2372 t.
490 2343 535 2381 V,
557 2346 645 2381 pag.
671 2335 766 2380 168,
790 2345 828 2372 n.
850 2336 940 2382 487:
972 2345 1037 2371 ‹se
1056 2335 1123 2371 vix
1148 2345 1263 2381 posse
1293 2345 1385 2371 suae
1413 2334 1675 2371 conscientiae
1703 2333 1857 2371 satisfa-

209 2406 313 2443 cere,
344 2397 377 2432 si
413 2407 490 2433 non
524 2401 673 2443 peteret
712 2397 982 2433 executionem
1019 2398 1240 2433 testamenti
1275 2397 1404 2434 fratris
1442 2397 1615 2443 ipsorum
1649 2400 1686 2432 et
1718 2396 1856 2442 nostri,

208 2460 389 2506 Angeli»;
407 2465 489 2496 tum
507 2461 623 2497 etiam
640 2461 731 2507 quia
747 2462 796 2497 ad
811 2464 1086 2497 testamentum
1107 2461 1240 2507 patris,
1257 2462 1361 2507 quod
1378 2461 1528 2505 attinet,
1547 2459 1663 2507 «quia
1679 2469 1756 2496 non
1772 2463 1854 2495 erat

210 2523 371 2559 clericus
390 2533 462 2559 nec
482 2524 628 2560 reditus
648 2524 819 2559 habebat
839 2523 1058 2569 Angelus...
1079 2533 1157 2559 non
1177 2523 1381 2560 videbatur
1407 2534 1453 2559 eo
1481 2525 1713 2559 testamento
1738 2521 1852 2568 ligari

208 2585 311 2621 Patri
339 2586 510 2623 Natali».
531 2585 679 2633 Quare,
707 2596 794 2622 cum
820 2586 933 2622 unice
960 2586 1064 2632 quod
1084 2587 1232 2633 Justum
1258 2589 1340 2622 erat
1366 2589 1631 2632 quaereretur,
1661 2584 1854 2620 «consulti
1915 2591 1917 2593 ’

209 2647 333 2697 [sunt]
355 2649 431 2684 duo
452 2649 632 2685 advocati
660 2660 683 2684 a
708 2648 889 2694 nostris»,
913 2652 950 2684 et
977 2659 1038 2685 res
1057 2648 1159 2684 ultra
1181 2659 1384 2695 progressa
1411 2657 1488 2684 non
1510 2651 1585 2694 est,
1606 2658 1696 2683 nam
1717 2647 1755 2683 hi
1778 2646 1854 2683 «si-

208 2709 440 2757 gnificarunt
456 2712 560 2757 quod
575 2721 734 2757 prorsus
751 2721 828 2747 non
844 2714 1065 2746 tenerentur
1079 2706 1236 2761 [fratres
1252 2707 1410 2758 Angeli]
1423 2710 1533 2756 juxta
1546 2710 1652 2755 leges
1667 2708 1853 2754 Venetas,

208 2774 327 2810 immo
348 2783 395 2809 ne
416 2773 613 2820 legitimae
636 2773 792 2819 quidem
814 2772 1073 2808 tribilianicae
1095 2772 1223 2808 locum
1245 2782 1348 2817 esse,
1371 2776 1408 2807 et
1427 2775 1577 2807 tantum
1598 2771 1645 2807 de
1666 2772 1756 2807 dote
1777 2781 1857 2807 ma·

208 2840 317 2872 terna
336 2836 399 2882 agi
422 2846 576 2882 posse».
595 2835 673 2872 Sed
689 2845 814 2882 neque
833 2835 879 2870 de
896 2834 970 2870 hac
985 2834 1104 2870 fuisse
1125 2839 1253 2870 actum
1271 2834 1374 2880 apud
1390 2834 1559 2870 Polanco
1575 2834 1854 2880 reperimus.—

210 2898 414 2935 Caeterum
434 2897 574 2944 Ignatii
594 2897 754 2943 litteras,
771 2907 867 2942 quas
884 2895 1072 2932 Surianus
1087 2900 1287 2942 memorat,
1305 2896 1424 2931 habes
1432 2896 1513 2942 Jam
1528 2896 1567 2931 in
1583 2896 1710 2931 lucem
1729 2894 1857 2931 editas

208 2962 308 2997 inter
327 2960 432 2996 illius
454 2956 631 3006 Cartas,
653 2962 678 2995 t.
700 2966 743 3005 V,
763 2969 851 3005 pag.
873 2969 969 3004 410,
999 2957 1199 3004 hispanice
1219 2968 1311 2994 vero
1337 2968 1424 3005 pag.
1453 2967 1550 3005 333;
1578 2959 1644 2994 ubi
1671 2954 1869 2994 animad·'

208 3027 337 3060 vertes
357 3023 396 3058 in
416 3022 581 3068 eisdem,
600 3022 689 3058 loco
711 3021 957 3069 cognominis
978 3020 1166 3067 Suriano,
1186 3020 1302 3056 scribi
1323 3020 1480 3067 quidem
1507 3017 1718 3066 Turiano,
1739 3019 1855 3056 libra·

208 3086 355 3123 riorum
377 3095 514 3122 errore.

266 3146 284 3172 ²
338 3147 396 3185 Ex
415 3147 657 3195 autographo
677 3147 717 3183 in
736 3147 812 3183 vol.
834 3146 875 3193 F,
897 3145 1041 3192 duplici
1065 3145 1171 3192 folio,
1193 3156 1230 3182 n.
1252 3146 1315 3193 60,
1336 3146 1443 3193 prius
1462 3156 1554 3194 329,
1574 3155 1664 3192 330.
