2014 3528
324 262 345 300 3
351 261 402 300 50
790 246 1023 288 EPISTOLAE
1053 248 1298 292 M1xTAE-1
1307 262 1325 291 1
1332 264 1381 304 45

271 374 355 419 pro
379 356 632 402 inofficioso
670 366 826 402 nostro
861 356 947 402 hoc
981 357 1131 403 officio
1166 357 1245 403 abs
1277 369 1321 404 te
1361 358 1554 421 gratiam
1587 359 1746 406 ineam.
1772 359 1900 406 Tan·
1947 379 1952 386 ·

272 443 370 477 tum
401 431 549 476 scribo
582 430 764 477 infimae
793 431 941 477 classis
975 432 1310 478 moderatorem
1336 449 1451 490 esse,
1482 445 1527 479 et
1567 433 1830 497 diligentem
1855 445 1901 480 et

270 516 522 551 strenuum.

337 579 499 624 Petrus
525 577 811 634 Laurentius,
838 578 951 624 Pisis
977 578 1216 636 oriundus,
1242 580 1354 626 duas
1377 580 1626 643 compleuit
1652 581 1771 627 vitae
1794 598 1900 628 suae

270 652 471 703 decades:
509 664 696 715 quartus
729 652 799 698 hic
832 652 892 697 illi
927 669 1072 698 annus
1112 663 1180 698 est
1211 670 1317 699 cum
1361 654 1414 700 ad
1449 654 1715 700 Societatem
1759 655 1897 702 uenit.

269 725 462 785 Juuenis
502 737 569 771 est
609 725 839 782 obediens,
879 726 1128 784 modestuS,
1177 728 1476 785 verecundus,
1518 729 1561 774 in
1606 729 1757 785 literis,
1799 740 1898 775 tum

271 800 439 862 graecis
470 810 569 845 tum
602 799 767 857 latinis,
795 817 885 846 non
919 800 1209 846 mediocriter
1239 813 1504 863 prouectus;
1529 803 1585 848 de
1609 820 1703 866 quo
1732 803 1901 848 maiora

272 874 540 936 promittere
584 891 674 920 non
717 891 919 937 possum,
954 891 1092 937 quam
1136 873 1234 920 fore
1275 886 1326 920 ut
1367 875 1617 938 aliquando
1653 877 1817 922 euadat
1855 876 1899 922 in

272 948 424 994 uirum
450 958 495 994 et
519 948 646 1011 pium
672 960 716 994 et
740 948 991 995 eruditum.
1018 948 1156 994 Valet
1181 948 1422 995 bellissime
1449 949 1535 995 Dei
1563 950 1796 1009 beneficio,
1819 967 1901 996 nec

274 1022 410 1068 ullam
436 1022 652 1069 hactenus
677 1040 832 1086 passus
855 1035 922 1069 est
946 1022 1218 1069 ualetudinis
1244 1023 1557 1071 offensionem.

338 1096 412 1142 De
438 1097 625 1143 Thoma
658 1097 874 1144 Romano
906 1097 1118 1160 prohibet
1154 1114 1227 1144 me
1263 1098 1404 1144 multa
1434 1099 1579 1149 dicere
1611 1111 1900 1162 perspectum

271 1170 350 1216 tibi
378 1170 520 1233 probe
543 1171 639 1217 eius
669 1171 917 1234 ingenium.
952 1171 1239 1234 Progressus,
1270 1188 1406 1235 quem
1440 1172 1656 1218 hactenus
1686 1172 1731 1218 in
1763 1172 1901 1219 literis

270 1243 375 1291 fecit
398 1262 446 1291 ac
474 1246 692 1304 moribus,
718 1257 811 1292 tam
836 1246 1030 1309 exiguus
1053 1257 1132 1303 est,
1159 1257 1211 1292 ut
1242 1246 1359 1293 illius
1385 1263 1457 1293 me
1490 1248 1732 1310 poeniteat,
1758 1249 1898 1295 ueteri

269 1320 465 1384 quadam
508 1333 553 1366 et
582 1321 708 1384 quasi
741 1321 897 1367 inolita
931 1321 987 1367 ad
1027 1320 1334 1367 obediendum
1372 1321 1538 1385 ingenii
1582 1322 1809 1386 rigiditate
1850 1339 1900 1369 ac

269 1395 564 1441 contumacia.
606 1395 745 1458 Spero
783 1407 935 1441 tamen
968 1395 1290 1441 emolliendam
1326 1395 1572 1459 aliquando
1606 1397 1720 1443 hanc
1760 1397 1896 1443 animi

269 1468 504 1525 duritiem,
530 1481 574 1514 et
598 1469 790 1516 decursu
822 1469 1043 1531 temporis
1074 1469 1253 1531 penitus
1287 1469 1596 1517 euincendam.
1625 1470 1899 1517 Valetudine

269 1544 312 1588 in
335 1542 520 1589 morbos
544 1543 658 1589 adeo
682 1542 887 1606 procliui,
908 1554 959 1588 ut
982 1560 1027 1588 se
1047 1543 1102 1589 ab
1128 1543 1211 1589 illis
1231 1560 1364 1607 aegre
1390 1555 1585 1600 tueatur3
1610 1544 1696 1601 cui,
1715 1561 1769 1590 ne
1790 1545 1897 1591 nihil

268 1617 459 1663 omnino
489 1629 656 1681 ageret,
687 1634 795 1663 cura
825 1634 984 1663 eorum
1028 1618 1269 1664 commissa
1301 1630 1382 1675 est,
1423 1619 1500 1682 qui
1533 1620 1680 1682 prima
1720 1619 1900 1683 linguae

270 1693 430 1739 latinae
456 1693 715 1739 rudimenta
740 1693 1017 1755 perdiscunt.

332 1766 548 1827 Jacobus,
576 1767 881 1823 messanensis,
908 1766 1074 1830 ingenii
1100 1766 1286 1830 quidem
1319 1767 1377 1818 ad
1410 1766 1556 1812 literas
1588 1783 1750 1830 parum
1775 1784 1899 1813 com—

271 1842 409 1898 modi,
436 1859 595 1887 uerum
623 1842 679 1887 ad
706 1841 849 1887 multa
874 1842 956 1887 alia
990 1859 1082 1888 non
1113 1842 1389 1905 poenitendi,
1425 1842 1537 1888 adeo
1568 1859 1674 1888 suos
1698 1842 1899 1905 superio-

268 1933 336 1962 res
367 1915 597 1974 obseruat,
630 1916 742 1962 adeo
773 1916 830 1962 ad
862 1933 1022 1962 eorum
1055 1933 1100 1962 se
1132 1916 1416 1962 uoluntatem
1452 1929 1603 1962 totum
1645 1918 1898 1980 componit,

269 2004 334 2050 ut,
376 2008 528 2037 caerae
569 1991 721 2049 instar,
755 1992 799 2037 in
833 1991 1044 2054 quamvis
1075 1989 1273 2037 formam
1307 1991 1415 2054 fingi
1454 1989 1736 2055 formarique
1770 2008 1899 2054 posse

269 2084 359 2112 non
385 2066 614 2112 immerito
638 2066 846 2113 dixerim.
872 2066 1079 2129 Corpore
1109 2066 1189 2111 soli
1225 2083 1273 2112 ac
1304 2065 1480 2129 pulueri
1516 2082 1540 2111 a
1573 2082 1716 2128 puero
1749 2082 1898 2111 assue-

268 2141 403 2201 facto,
445 2159 494 2187 ac
536 2141 727 2204 proinde
767 2142 917 2199 firmo,
960 2140 1169 2198 robusto,
1214 2141 1379 2197 ualid0,
1423 2156 1638 2203 magnam
1679 2141 1763 2197 sui,
1805 2152 1897 2186 tam

267 2217 468 2263 Biuonae
493 2233 630 2280 quam
659 2216 922 2272 Messanae,
955 2215 1201 2261 concitauit
1231 2215 1612 2278 expectationem:
1641 2231 1778 2277 quam
1806 2231 1898 2261 non

267 2291 555 2354 expleturum
584 2301 778 2346 tantum,
805 2307 967 2335 uerum
993 2300 1315 2352 superaturum
1339 2289 1474 2334 etiam
1510 2288 1709 2335 confido.
1737 2289 1899 2334 Annos

269 2376 399 2411 natus
423 2364 526 2427 plus
551 2364 702 2410 minus
725 2364 991 2410 octodecim.
1022 2365 1066 2409 A
1097 2365 1250 2410 decem
1288 2363 1518 2410 mensibus
1553 2363 1596 2409 in
1630 2362 1897 2409 Societatem

268 2451 490 2502 receptus,

335 2515 408 2559 De
439 2513 699 2577 AlphonSO,
732 2514 894 2560 iuuene
929 2514 1138 2576 hispano,
1175 2513 1410 2576 quondam
1443 2512 1607 2568 milite,
1639 2529 1688 2558 ac
1720 2510 1898 2557 doctori

269 2588 437 2634 Olauio
459 2587 471 2612 ¹
498 2605 591 2634 non
610 2588 858 2651 incognito,
879 2586 1070 2634 sufficiat
1089 2587 1252 2634 dixisse
1272 2586 1658 2632 valetudinarium
1679 2586 1898 2631 hactenus

321 2746 334 2771 ¹
391 2748 560 2784 Martino
595 2749 641 2783 de
681 2747 952 2783 Olave.—-De
986 2747 1187 2793 Alphonso
1219 2749 1345 2781 autem
1382 2746 1478 2782 haec
1515 2745 1666 2792 Ignatio
1700 2744 1899 2787 ,scribebat

266 2810 524 2857 Hieronymus
544 2810 767 2847 Domenech
789 2822 836 2846 20
857 2810 1079 2846 Decembris
1103 2817 1221 2857 1555:
1253 2809 1352 2845 «Los
1381 2820 1453 2855 que
1481 2806 1562 2845 iran
1593 2807 1616 2845 a
1645 2809 1794 2845 Biuona
1813 2817 1895 2853 son,

267 2875 380 2911 Mtro.
408 2873 647 2916 Eleutherio,
674 2873 786 2909 Mtro.
818 2871 959 2919 Marin,
991 2872 1287 2908 Guidantonio...
1316 2871 1462 2908 Jacobo
1491 2870 1655 2907 mesines
1683 2881 1708 2918 y
1734 2870 1896 2907 Alfonso

268 2938 449 2983 spanyol,
485 2940 588 2973 estos
623 2937 692 2972 dos
721 2946 814 2981 para
846 2936 1067 2971 seruitio...»
1097 2934 1198 2970 Vide
1226 2944 1361 2979 supra,
1395 2945 1481 2980 pag.
1519 2944 1604 2980 131.
1636 2933 1707 2980 Qui
1743 2933 1896 2979 quidem

268 3000 490 3046 Alphonsus
529 3000 646 3046 probe
682 2998 976 3042 distinguendus
1013 3001 1069 3033 est
1103 2997 1150 3031 ab
1184 2996 1383 3042 Alphonso
1418 2998 1463 3032 de
1502 2996 1740 3041 Villalobos,
1777 2995 1898 3030 sacris

269 3063 432 3109 initiato,
454 3063 642 3099 Bibonam
663 3065 799 3108 postea
820 3061 938 3097 misso
959 3061 997 3097 in
1018 3061 1145 3096 locum
1167 3059 1356 3095 demortui
1378 3059 1499 3095 Patris
1520 3058 1655 3095 Marin.
1687 3058 1893 3105 POLANCO,

270 3130 296 3164 t.
315 3134 373 3173 Vl,
394 3136 479 3172 pag.
503 3134 592 3174 315,
615 3136 650 3162 n.
677 3125 789 3172 1287.
