2014 3528
326 284 398 323 252
787 273 1023 311 prsromss
1052 274 1140 312 Mix
1155 286 1296 312 ΓΑε-Ῑ
1308 287 1382 325 109

271 381 411 426 Sefior
437 379 475 424 la
504 395 611 441 rnuy
641 379 756 425 Rda.
785 395 975 442 persona
999 379 1055 426 de
1088 381 1145 427 V.
1186 380 1254 438 P.,
1290 398 1396 444 para
1432 399 1520 446 que
1549 381 1744 445 siempre
1782 382 1897 446 haga

269 455 400 500 obras
432 454 488 499 de
524 471 576 499 su
611 465 764 499 sancto
805 454 1011 500 seruicio.
1059 455 1132 501 De
1174 455 1358 502 Murcia
1399 472 1429 502 x
1461 457 1516 503 de
1550 456 1721 502 Marzo
1761 457 1895 519 1556.

270 529 311 572 A
342 527 534 573 seruicio
559 527 615 574 de
640 527 695 574 V.
726 527 853 585 Rdat,

732 610 1075 676 ST[EPHANUS]
1106 612 1342 676 episcopus
1366 613 1702 674 cartaginensis.

334 719 586 782 Inscriptio:
612 721 645 781 -1-
670 720 730 766 Al
758 738 868 783 muy
899 722 1021 768 Rdo.
1049 722 1091 767 in
1110 722 1294 768 Christo
1317 722 1476 779 Padre,
1497 723 1535 768 el
1562 723 1610 770 P.
1637 723 1823 786 Ignacio
1842 723 1899 770 de

274 792 467 854 Loyola,
493 794 726 856 preposito
751 794 929 859 general
961 795 1017 842 de
1052 795 1090 841 13
1121 795 1380 858 Compafiia
1410 797 1466 843 de
1489 797 1591 858 Jhs.
1621 797 1693 843 En
1725 797 1895 844 Roma.

1017 989 1159 1023 11⁰9

741 1073 1055 1111 FRANCISCUS
1085 1074 1152 1110 DE
1180 1074 1431 1111 MENDOZA

857 1153 1078 1179 CARmNALls
1105 1154 1311 1180 BURGENSIS

594 1234 803 1281 PATRI
840 1234 1129 1281 IGNATIO
1164 1236 1258 1282 DE
1295 1236 1581 1282 LOYOLA

804 1331 917 1356 senus
951 1331 993 1357 11
1026 1330 1169 1357 MARTu
1205 1320 1305 1370 1556
1338 1317 1366 1358 ¹.

489 1416 639 1462 Socios,
661 1416 725 1463 qui
747 1417 940 1453 civitatem
962 1418 1139 1454 excolant
1160 1422 1197 1454 et
1215 1419 1475 1461 consolentur,
1497 1418 1682 1465 deposcit.

1072 1523 1101 1572 †

345 1611 465 1672 Muy
495 1610 619 1657 Rdo.
647 1609 800 1657 Sefior.
829 1610 908 1657 No
934 1611 990 1658 he
1021 1612 1182 1658 escrito
1208 1613 1232 1658 a
1258 1611 1316 1658 V.
1344 1611 1396 1658 P.
1428 1623 1547 1658 estos
1576 1611 1676 1658 dias
1701 1627 1808 1674 para
1833 1627 1906 1656 ro·-

274 1685 390 1749 galle
416 1702 488 1731 me
512 1685 841 1732 encomendase
866 1688 891 1732 a
917 1687 1034 1732 Dios
1064 1704 1119 1733 en
1152 1704 1226 1733 sus
1257 1687 1504 1744 oraciones,
1539 1702 1720 1749 aunque
1745 1685 1905 1748 pienso

274 1776 363 1823 que
385 1769 476 1805 este
502 1760 713 1822 cuydado
739 1760 782 1806 lo
802 1760 919 1807 tiene
939 1761 1005 1807 sin
1027 1778 1116 1825 que
1135 1779 1194 1823 yo
1215 1761 1252 1806 le
1273 1772 1569 1824 ymportune.
1599 1759 1729 1823 Aqui
1757 1775 1817 1804 no
1835 1775 1908 1804 me

276 1833 333 1878 ha
357 1831 527 1878 faltado
557 1850 611 1878 en
644 1833 734 1896 que
765 1834 998 1891 entender,
1030 1852 1056 1896 y
1092 1851 1272 1898 aunque
1304 1834 1389 1880 mis
1421 1832 1818 1895 indispussiqiones
1847 1848 1907 1877 no

274 1924 348 1953 me
374 1907 461 1952 han
487 1905 675 1965 saltadO,
701 1924 760 1953 no
786 1925 839 1953 an
865 1909 1006 1970 seydo
1032 1921 1108 1954 tan
1135 1909 1343 1972 grandes,
1363 1924 1452 1971 que
1478 1923 1551 1953 me
1575 1923 1688 1968 ayan
1715 1905 1907 1968 impedi-

274 1983 335 2028 do
360 1982 397 2027 61
424 1981 632 2045 trabajar.
660 1983 820 2044 Agora
843 1993 971 2045 estoy
996 1982 1246 2045 esperando
1277 1994 1369 2027 esta
1395 1993 1572 2044 tregua,
1601 1997 1709 2043 para
1734 1979 1909 2026 hazella

276 2073 335 2117 yo
369 2055 552 2101 tanbien
588 2072 672 2101 con
706 2068 825 2101 estos
856 2056 1095 2119 negocios,
1129 2068 1205 2102 tan
1240 2055 1501 2102 differentes
1534 2055 1590 2101 de
1623 2071 1697 2116 my
1732 2052 1908 2117 profes-

277 2129 376 2174 si6n
399 2127 426 2175 ².
460 2128 598 2192 Plega
621 2130 679 2189 [a]
711 2129 825 2175 Dios
849 2146 936 2192 que
961 2146 1046 2175 con
1072 2129 1154 2175 6113
1185 2130 1365 2192 puedan
1398 2145 1554 2175 verme
1577 2146 1632 2174 en
1659 2128 1854 2191 Burgos,
1879 2145 1908 2190 y

277 2203 414 2248 hazer
440 2214 566 2265 parte
590 2203 645 2249 de
671 2202 717 2248 lo
743 2220 831 2266 que
855 2220 936 2266 soy
960 2203 1199 2267 obligado;
1219 2221 1245 2266 y
1267 2203 1362 2248 ansi
1385 2204 1441 2249 he
1458 2203 1739 2261 comencado
1758 2204 1783 2249 3
1800 2218 1908 2265 sup-

277 2276 513 2340 plicat-[lo]
544 2278 569 2322 a
593 2293 645 2322 su
672 2278 904 2339 magestad
938 2294 1048 2339 muy
1083 2277 1138 2323 de
1171 2293 1313 2323 veras.
1339 2277 1416 2323 Yo
1449 2278 1606 2323 desseo
1634 2293 1714 2322 ver
1736 2293 1791 2322 en
1815 2287 1909 2321 esta

251 2340 254 2343 Δ
279 2350 445 2409 ςῐυό3ἀ
472 2350 664 2414 algunos
690 2350 858 2396 Padres
881 2351 937 2397 de
963 2351 1002 2396 la
1027 2351 1302 2414 Compafiia,
1328 2368 1353 2413 y
1380 2351 1418 2397 al
1446 2362 1652 2413 presente
1673 2367 1733 2396 vn
1753 2366 1834 2413 par
1851 2351 1908 2396 de

276 2424 546 2481 sacerdotes,
572 2441 661 2488 que
687 2425 921 2487 pudiessen
946 2423 1174 2471 confessar
1206 2442 1235 2487 y
1261 2425 1416 2471 visitar
1441 2425 1501 2470 las
1524 2427 1725 2482 carqeres
1750 2441 1778 2487 y
1803 2423 1908 2470 hos-

277 2498 450 2562 pitales,
479 2515 504 2560 y
532 2498 759 2561 ayudasen
785 2500 810 2545 a
843 2498 980 2544 lleuar
1012 2516 1066 2554 en
1095 2499 1326 2562 paciencia
1352 2501 1377 2545 a
1404 2499 1538 2545 todos
1564 2516 1619 2545 en
1643 2497 1815 2544 comfin
1841 2497 1908 2544 los

331 2643 343 2669 ¹
402 2644 459 2681 Ex
474 2646 652 2692 originali
669 2646 707 2681 in
725 2646 799 2682 vol.
818 2643 951 2696 Epist.
971 2643 1284 2691 Cardinalium,
1303 2646 1446 2692 duplici
1465 2646 1571 2692 folio,
1588 2657 1622 2682 n.
1644 2646 1706 2691 28,
1722 2645 1829 2691 prius
1844 2652 1906 2692 45.

330 2705 346 2730 2
404 2707 570 2745 «Sena...
593 2705 729 2754 cayo...
754 2719 800 2744 en
826 2717 926 2755 1554
947 2719 993 2743 en
1014 2709 1134 2754 poder
1155 2709 1201 2743 de
1223 2708 1356 2744 Carlos
1376 2709 1423 2753 V,
1447 2708 1561 2754 quien
1581 2709 1618 2756 la
1639 2705 1748 2743 cedic')
1770 2704 1792 2744 a
1811 2706 1909 2743 Feli-

278 2781 324 2816 pe
346 2769 390 2806 II.
413 2759 502 2806 Este
524 2767 688 2816 encargo
714 2771 747 2806 el
769 2771 955 2816 gobierno
973 2771 1019 2805 de
1037 2771 1112 2806 ella
1129 2766 1151 2806 3
1170 2770 1215 2806 D.
1234 2770 1441 2806 Francisco
1458 2771 1503 2806 de
1519 2771 1680 2814 Toledo‚
1697 2780 1770 2815 que
1787 2767 1908 2806 murio

279 2833 314 2868 al
335 2843 434 2878 poco
455 2832 610 2878 tiemp0;
631 2844 656 2879 y
680 2833 713 2868 le
736 2830 893 2868 sucedio
917 2843 963 2868 en
985 2833 1018 2868 el
1039 2833 1224 2878 gobierno
1245 2832 1289 2868 D.
1307 2832 1514 2868 Francisco
1535 2834 1581 2868 de
1602 2831 1803 2876 Mendoza,
1822 2831 1909 2868 Car·
1930 2820 1932 2822 ’

279 2896 390 2931 denal
413 2896 459 2930 de
483 2895 669 2941 Burgos.»
693 2892 852 2933 Cartas
869 2892 920 2931 de
941 2891 1028 2933 San
1050 2891 1241 2944 Ignaczb,
1263 2899 1287 2931 t.
1308 2903 1364 2940 vl,
1389 2906 1475 2941 pag.
1497 2896 1582 2942 198,
1604 2897 1732 2930 annot.
1759 2904 1791 2929 2.
1810 2893 1908 2929 Vide

279 2959 405 2994 locum
427 2962 625 3004 totamque
654 2958 877 3003 epistolam,
899 2968 974 3004 qua
1000 2957 1171 3003 Ignatius
1198 2957 1256 2993 his
1284 2957 1496 2994 Mendozae
1526 2957 1662 2994 litteris
1686 2956 1905 3002 respondet.

279 3020 459 3057 Induciae
491 3031 602 3066 vero,
625 3021 672 3056 ad
703 3031 798 3067 quas
825 3020 1026 3066 burgensis
1055 3019 1263 3055 cardinalis
1289 3020 1467 3067 refertur,
1490 3020 1578 3056 illae
1605 3019 1908 3066 quinquennales

281 3086 398 3128 erant,
419 3083 465 3118 de
487 3082 624 3129 quibus
644 3093 761 3129 supra
781 3083 942 3130 egimus,
959 3083 1058 3118 inter
1076 3092 1187 3128 reges
1203 3082 1414 3129 Hispaniae
1437 3087 1473 3119 et
1494 3082 1641 3120 Galliae
1663 3081 1906 3119 constitutae.

280 3144 398 3182 -Cf.
419 3145 623 3194 POLANCO,
647 3149 671 3183 t.
696 3154 753 3193 VJ,
775 3156 860 3193 pag.
885 3154 1017 3196 23-25,
1039 3156 1075 3183 n.
1098 3145 1227 3194 61-65.
