2040 3528
843 291 896 320 AD
925 289 1146 320 LECTOREM
1710 277 1760 329 '15

174 385 462 452 gregatione,
493 385 642 450 deque
666 386 796 432 sociis
820 386 875 432 ad
902 385 1159 450 generalem
1191 384 1332 431 totius
1357 381 1591 430 Societatis
1613 398 1815 429 conven-
1836 410 1840 413 ·

176 474 275 509 tum
302 461 553 520 mittendis,
573 461 678 525 agit.
706 461 793 507 Sed
818 477 888 507 res
908 461 1016 507 haec
1042 478 1125 507 nos
1148 458 1383 523 compellit
1406 458 1463 506 ad
1489 456 1724 504 tractanda
1748 473 1813 515 ea,

175 555 291 602 quae
306 555 391 602 pro
407 554 487 584 sua
505 537 823 601 magnitudine
842 537 898 584 ad
914 537 1051 602 hujus
1066 536 1295 600 proloquii
1312 535 1479 582 calcem
1498 533 1811 598 rejeceramuS.

242 613 391 677 Igitur
422 627 479 672 31
521 612 632 672 Julii
666 612 831 658 mensis
872 612 1051 658 Romae
1090 611 1373 658 beatissimus
1417 610 1554 657 Pater
1592 608 1814 673 Ignatius,

175 687 348 734 meritis
373 687 415 733 in
450 688 608 734 Deum
633 698 678 733 et
707 687 752 733 in
785 687 1050 745 universum
1083 686 1326 732 hominum
1360 701 1506 748 genus
1536 683 1838 742 cumulatus,-

174 762 231 810 ad
256 762 410 809 vitam·
431 761 566 809 nullis
598 763 867 809 morituram
900 762 1087 809 saeculis
1118 761 1372 808 tnansierat.
1408 760 1664 807 Nuntiatus
1697 759 1816 806 illius

173 837 327 884 obitus
362 854 443 901 per
480 838 743 884 universam
785 838 1092 885 Societatem:
1138 836 1319 882 Romae
1361 835 1557 881 vicarius
1594 835 1816 899 generalis

173 912 343 979 electus
370 913 563 961 Lainez.
592 914 820 959 Mandata
843 913 1012 959 dantur
1037 911 1167 959 sociis
1192 924 1244 957 ut
1266 922 1485 974 parentur
1510 911 1588 971 illi,
1617 912 1674 958 ad
1698 928 1815 975 quos

173 1000 365 1052 spectat,
393 989 449 1035 ad
481 987 687 1035 futuram
712 988 879 1052 Ignatii
911 987 1180 1034 successoris
1214 986 1500 1033 electionem.
1537 986 1630 1033 Res
1654 986 1700 1033 in
1724 987 1815 1034 dis-

173 1063 280 1109 sitas
304 1063 561 1126 provincias
589 1080 690 1109 sero
714 1080 795 1126 per
828 1061 1086 1108 tabellarios
1117 1061 1288 1119 delata,
1316 1061 1624 1107 Barcinonem
1658 1076 1710 1121 13
1739 1062 1815 1108 Se-

174 1137 398 1201 ptembris
415 1138 639 1202 pervenit,
659 1137 746 1183 alio
766 1137 859 1183 aliis
883 1137 1060 1185 diebus,
1083 1137 1292 1199 Quinam
1317 1148 1471 1182 autem
1492 1135 1665 1182 fuerint
1683 1136 1815 1183 soda-

174 1213 286 1258 lium
310 1227 416 1276 post
440 1212 605 1276 Ignatii
629 1212 811 1259 obitum
835 1229 1013 1271 sensus,
1047 1224 1170 1259 recte
1199 1211 1397 1258 declarat
1426 1211 1670 1258 Sacchinus
1695 1211 1815 1258 hisce

174 1288 344 1335 verbis:
382 1287 647 1350 «Quamuis
678 1300 802 1334 tanta
827 1288 1020 1351 perculsi
1045 1287 1321 1344 calamitate,
1348 1303 1639 1351 nequaquam
1665 1303 1711 1332 se
1735 1304 1813 1333 or-

172 1363 300 1410 batos
323 1381 373 1410 ac
396 1364 640 1411 destitutos
670 1364 1011 1411 crediderunt...
1044 1363 1191 1426 Quod
1214 1363 1322 1409 sane
1347 1363 1426 1427 qui
1451 1362 1640 1426 scriptas
1669 1362 1814 1408 conti·

170 1439 260 1485 nue
285 1438 453 1485 litteras
477 1450 581 1502 post
609 1439 843 1503 cognitam
873 1438 1038 1503 Ignatij
1068 1438 1391 1502 migrationem
1419 1438 1443 1484 ἐ
1469 1437 1739 1501 prouincijS,
1765 1453 1814 1483 ac

169 1529 314 1577 prope
344 1513 587 1578 domicilijs
622 1514 839 1560 omnibus
870 1513 1081 1572 euoluat,
1118 1513 1460 1560 animaduertet
1500 1529 1592 1558 non
1633 1512 1815 1558 Romae

167 1587 317 1635 solum
346 1605 428 1634 vsu
455 1589 652 1646 venisse;
677 1589 755 1636 sed
774 1588 863 1634 late
885 1588 1054 1652 vbique
1074 1599 1316 1634 terrarum.
1343 1588 1521 1634 Omnes
1544 1587 1666 1633 enim
1693 1587 1814 1634 hunc

167 1661 312 1710 ferme
336 1664 381 1710 in
407 1664 602 1711 modum
629 1664 860 1710 nunciant:
888 1664 1068 1710 Audita
1090 1663 1220 1710 Beati
1247 1662 1396 1713 Patris
1421 1662 1635 1720 abitione,
1660 1662 1811 1726 singu-

170 1737 220 1783 lis
252 1737 397 1802 vulgo
424 1738 663 1784 Sociorum
697 1755 804 1785 cum
839 1738 1021 1785 insolito
1046 1738 1251 1802 quodam
1277 1738 1459 1785 diuinae
1492 1737 1815 1785 consolationis

169 1823 308 1876 gustu
333 1829 503 1859 nouam
528 1813 831 1859 constantiam
859 1813 1114 1871 accessisse,
1151 1829 1421 1876 nouumque
1453 1813 1687 1871 ardorem,
1713 1824 1813 1859 tum

169 1886 226 1933 ad
251 1888 598 1934 consectandam
631 1888 749 1934 serio
777 1888 1018 1945 virtutem,
1046 1905 1096 1935 ac
1122 1888 1354 1951 praecipue
1379 1888 1436 1934 ad
1462 1887 1567 1934 vitae
1591 1886 1812 1944 formam,

170 1960 226 2007 ab
258 1960 440 2025 Ignatio
469 1962 707 2021 traditam,
740 1979 878 2026 quam
905 1962 1254 2026 diligentissime
1286 1962 1677 2018 conseruandam;
1711 1973 1813 2008 tum

169 2036 226 2082 ad
257 2038 523 2083 communia
551 2037 806 2096 Societatis,
850 2037 1007 2102 reique
1046 2038 1187 2084 totius
1227 2038 1483 2084 christianae
1524 2038 1814 2101 procuranda

168 2111 431 2158 commoda.
463 2111 711 2159 Confidere
740 2129 902 2159 omnes
935 2129 1056 2159 nunc
1089 2113 1279 2159 demum
1315 2112 1431 2159 bene
1456 2112 1665 2158 Societati
1692 2110 1811 2169 fore;

170 2202 290 2232 nunc
315 2186 411 2250 ejus
441 2187 701 2234 institutum
735 2187 880 2234 fixum
908 2199 1152 2252 ratumque
1185 2204 1477 2245 mansurum,
1512 2205 1632 2234 nunc
1663 2188 1812 2234 eidem

168 2260 311 2307 robur
336 2278 385 2307 ac
410 2261 674 2309 firmitatem
698 2274 860 2309 contra
884 2262 1071 2327 quosuis
1096 2263 1439 2310 aduersantium
1470 2263 1671 2326 impetus
1696 2262 1812 2309 affu-

169 2346 335 2392 turam;
368 2353 489 2383 nunc
520 2337 709 2384 demum
741 2338 942 2384 secundo
973 2354 1110 2384 cursu
1144 2349 1455 2402 propagatum
1490 2338 1542 2384 iri
1573 2337 1808 2384 latissime.

169 2410 282 2472 Quo
313 2411 337 2457 ὲ
368 2428 501 2458 sensu
538 2413 800 2460 animorum
831 2413 1045 2460 concordi
1084 2423 1221 2477 atque
1254 2413 1490 2460 communi
1525 2413 1685 2459 licebat
1715 2412 1810 2459 sine

169 2485 316 2532 dubio
348 2487 536 2545 sentire,
570 2487 828 2552 Ignatium‚
866 2505 960 2552 quo
993 2487 1179 2534 meliore
1210 2499 1311 2534 tum
1345 2487 1438 2534 vita
1468 2485 1721 2546 fruebatur,
1755 2504 1810 2533 eo

170 2559 450 2618 vberiorem,
477 2563 712 2626 magisque
738 2562 923 2609 vitalem
947 2561 1176 2626 spiritum,
1201 2578 1259 2608 ex
1285 2562 1611 2626 augustissimo
1636 2562 1809 2608 Christi

172 2631 300 2681 fonte
342 2635 575 2696 haustum,
615 2637 740 2701 quasi
780 2649 998 2702 vegetum
1032 2648 1171 2700 caput
1205 2637 1250 2684 in
1289 2636 1497 2684 membra
1527 2636 1805 2684 diffundere.

173 2707 317 2769 Quod
343 2710 486 2773 magis
510 2710 721 2774 deinceps
747 2712 982 2775 magisque
1006 2710 1330 2774 comprobauit
1354 2727 1508 2757 rerum
1533 2721 1755 2758 euentus»
1780 2710 1808 2758 ¹.

238 2783 372 2830 Haec
395 2784 595 2831 Sacchini
622 2785 777 2842 verba,
805 2785 1013 2832 adductis
1038 2785 1151 2832 bene
1177 2785 1333 2832 multis
1357 2785 1586 2832 sociorum
1605 2786 1811 2831 testimo—

173 2857 279 2916 niis,
317 2874 433 2921 quae
469 2860 515 2906 in
552 2861 719 2907 nostris
760 2860 961 2924 epistolis
1002 2871 1206 2919 exstant,
1244 2877 1483 2924 possemus
1522 2860 1810 2907 confirmare.

173 2931 333 2978 Plures
357 2933 479 2980 enim
504 2935 560 2981 de
585 2935 744 2982 eadem
770 2952 819 2982 re
843 2947 1003 2999 agunt.
1032 2935 1212 2982 Verum
1244 2935 1438 2982 sufficiat
1468 2952 1615 2982 unum
1645 2936 1689 2982 in
1716 2952 1811 2982 me-

171 3006 301 3053 dium
343 3006 571 3070 proferre,
616 3009 762 3056 Patris
803 3010 995 3070 Joannis
1037 3011 1188 3069 Gesti,
1232 3011 1310 3074 qui
1359 3026 1374 3056 1
1412 3011 1518 3057 Oct.
1559 3010 1810 3057 Barcinone

227 3168 240 3194 ¹
299 3171 552 3219 SACCHINUS,
574 3169 687 3211 Hist.
711 3170 800 3211 Soc.
821 3170 925 3218 Jes.‚
946 3184 982 3220 p.
1005 3181 1048 3219 11,
1069 3173 1136 3210 lib.
1159 3180 1185 3218 1,
1206 3183 1243 3209 n.
1263 3181 1326 3221 35.
