2008 3510
334 241 412 279 610
785 236 1019 276 EPISTOLAE
1047 235 1279 275 M1xrAE—
1291 246 1392 287 1250

281 344 465 409 quando
490 343 576 389 hoc
600 341 889 405 dispendium
914 339 1186 389 dissimulari
1216 340 1381 388 debere
1410 340 1609 401 videtur,
1634 342 1778 390 donec
1803 343 1903 390 Do-

282 419 432 465 minus
455 417 592 463 alium
619 416 869 480 prouideat.
899 415 1140 462 Hactenus
1165 415 1224 461 de
1249 414 1438 462 lectione
1458 414 1487 463 ¹.

345 492 419 537 De
442 490 617 554 collegii
643 489 778 536 rebus
802 489 995 536 scribam
1021 489 1155 535 etiam
1176 489 1343 552 paucis,
1362 506 1477 553 quae
1498 489 1606 536 mihi
1630 489 1674 536 in
1698 490 1906 538 Domino

280 566 507 622 videntur,
533 564 846 611 submittendo
864 563 938 610 illa
956 563 1122 610 iudicio
1144 564 1203 610 R.
1229 563 1280 611 P.
1301 574 1417 610 tuae.
1441 564 1564 610 Puto
1583 563 1627 610 in
1652 564 1746 610 aliis
1769 565 1905 612 etiam

282 656 353 686 me
385 638 630 702 scripsisse,
673 654 766 684 non
795 637 938 684 videri
979 637 1100 683 hunc
1137 647 1358 683 rectorem
1403 637 1508 683 satis
1546 637 1819 684 instructum
1860 639 1906 685 in

280 713 421 760 modo
447 711 731 776 gubernandi
755 723 800 757 et
826 711 1028 776 regendi.
1055 711 1130 757 De
1154 710 1484 774 temporalibus
1503 728 1593 757 non
1621 710 1801 775 loquor,
1826 712 1906 758 sed

279 787 336 834 de
360 785 682 850 spiritualibus.
712 785 1083 832 Consolationem
1110 785 1219 831 mihi
1240 801 1331 831 non
1352 785 1534 831 videtur
1557 785 1665 831 dare
1690 784 1907 831 fratribus

281 861 325 907 in
351 861 444 906 suis
468 859 808 916 tentationibus,
833 858 912 906 sed
935 859 1088 922 potius
1111 874 1373 922 exasperare
1398 869 1444 904 et
1468 859 1583 905 dure
1606 875 1753 923 agere,
1778 859 1905 923 quod

281 951 412 997 saepe
443 934 488 979 in
520 950 574 979 eo
606 933 782 989 notaui3
815 943 860 979 et
888 949 994 978 cum
1024 932 1187 991 semel,
1221 932 1346 996 quod
1378 932 1487 978 mihi
1518 933 1602 978 hoc
1633 933 1904 996 displiceret,

282 1007 619 1055 admonuissem
660 1024 768 1054 eum
801 1007 846 1053 in
881 1007 1235 1070 congregatione
1263 1007 1473 1052 omnium
1502 1007 1814 1065 sacerdotum,
1846 1007 1906 1053 ita

282 1081 492 1128 turbatus
516 1093 596 1139 est,
621 1093 675 1127 vt
698 1098 785 1144 ego
810 1097 905 1127 non
929 1097 1070 1143 parua
1094 1081 1297 1127 molestia
1321 1080 1509 1126 affectus
1533 1080 1632 1128 sim.
1660 1080 1907 1143 Propterea

281 1156 444 1202 vellem
465 1156 793 1202 admoneretur
816 1155 993 1214 isthinc,
1016 1166 1068 1188 ν*
1091 1154 1243 1201 mitius
1267 1167 1433 1218 ageret3
1453 1155 1793 1214 etadmonitus,
1814 1171 1907 1202 non

280 1231 341 1277 ita
365 1230 637 1276 turbaretur.
1545 1239 1547 1241 “

350 1303 588 1349 Praeterea
619 1303 744 1366 quod
775 1302 836 1350 R.
869 1303 921 1349 P.
961 1302 1201 1349 Pollancus
1240 1302 1395 1348 scribit
1434 1314 1646 1365 oportere
1685 1313 1905 1348 rectorem

284 1377 447 1423 habere
474 1393 687 1440 magnam
712 1377 1062 1433 authoritatem,
1091 1387 1140 1422 vt
1165 1388 1306 1439 regat,
1330 1386 1375 1422 et
1398 1392 1484 1439 ego
1509 1374 1680 1433 fateor3
1712 1376 1788 1422 sed
1814 1393 1906 1422 non

282 1463 396 1515 puto
418 1451 563 1497 minui
588 1450 926 1507 authoritatem,
946 1450 981 1496 si
1001 1450 1057 1496 ad
1077 1466 1149 1495 me
1173 1448 1342 1496 referre
1359 1450 1521 1496 debeat
1540 1449 1697 1506 multa;
1717 1449 1762 1496 id
1781 1450 1906 1513 quod

282 1526 376 1588 ipse
401 1541 638 1587 nunquam
663 1535 742 1570 aut
767 1522 862 1570 fere
886 1540 1122 1588 nunquam
1140 1522 1270 1580 facit;
1289 1535 1335 1570 et
1350 1524 1438 1570 hoc
1463 1523 1725 1586 scripseram
1748 1523 1906 1579 etiam,

283 1610 328 1645 et
352 1598 460 1644 nihil
486 1614 752 1661 responsum
776 1609 857 1644 est.

349 1673 543 1736 Insuper
567 1673 657 1718 iam
682 1673 830 1718 nescio
860 1672 1038 1735 quoties
1069 1671 1180 1718 mihi
1204 1671 1369 1718 obiecit
1402 1670 1551 1717 nescio
1575 1687 1706 1734 quae,
1730 1670 1787 1717 de
1810 1680 1907 1716 ten-

283 1747 479 1804 tatione,
505 1763 643 1810 quam
668 1746 915 1792 habueram
942 1746 1122 1792 Romae
1145 1745 1206 1792 ob
1234 1745 1559 1808 poenitentiam
1585 1745 1815 1808 quandam
1840 1744 1908 1790 in-

285 1820 498 1866 iunctam.
528 1820 641 1866 Hoc
661 1820 847 1866 videtur
870 1820 1109 1877 eiusmodi,
1130 1831 1180 1865 vt
1199 1836 1361 1882 parum
1389 1830 1660 1882 promoueat
1684 1818 1800 1864 inter
1826 1833 1910 1865 nos

285 1893 567 1940 charitatem.
593 1893 680 1940 Sed
699 1893 801 1951 hoc,
821 1893 994 1940 etiamsi
1020 1893 1082 1939 illi
1101 1893 1389 1939 scribendum
1410 1903 1635 1955 putarem,
1654 1892 1830 1939 videret
1854 1908 1910 1938 ne

285 1966 412 2014 facile
438 1967 482 2014 in
508 1984 559 2013 ea
582 1967 721 2014 verba
745 1978 1085 2030 prorumperet;
1111 1978 1263 2013 tamen
1289 1965 1417 2013 facile
1442 1966 1586 2029 patiar
1610 1983 1694 2029 pro
1719 1966 1911 2029 peccatis
1951 1974 1954 1976 ’

286 2041 412 2098 meis,
437 2053 481 2087 et
506 2058 596 2087 non
621 2040 752 2087 scribi
778 2041 816 2087 ei
841 2042 1086 2106 quicquam
1111 2042 1167 2088 de
1191 2059 1242 2087 ea
1265 2058 1312 2086 re
1338 2040 1549 2087 libentius
1572 2041 1724 2088 velim.

353 2116 428 2161 De
454 2116 594 2162 modo
618 2115 881 2161 consolandi
905 2115 1065 2162 fratres
1089 2128 1263 2178 posset,
1291 2115 1324 2161 si
1350 2115 1624 2161 reverendae
1652 2114 1911 2178 paternitati

287 2202 390 2236 tuae
413 2189 612 2248 videtur,
637 2190 783 2235 curari
815 2201 859 2235 et
883 2189 1115 2252 prouideri
1145 2206 1201 2235 ex
1230 2189 1364 2246 urbe,
1395 2201 1447 2235 vt
1475 2205 1636 2235 omnes
1666 2188 1912 2252 aliquando

287 2263 562 2310 conueniant
591 2263 725 2309 simul
749 2275 793 2309 et
822 2263 1070 2327 loquantur
1097 2263 1236 2325 (sicut
1261 2264 1306 2309 in
1330 2263 1569 2309 dominicis
1593 2262 1754 2308 diebus
1779 2273 1824 2308 et
1847 2260 1912 2308 fe-

288 2338 388 2399 stis)
416 2338 472 2384 de
497 2336 632 2383 rebus
657 2337 979 2400 spiritualibus,
1005 2338 1119 2384 sicut
1143 2337 1235 2383 vidi
1259 2337 1354 2384 fieri
1380 2338 1424 2383 in
1451 2337 1695 2400 Hispania,
1721 2337 1913 2382 interro-

289 2423 446 2476 gantes
469 2411 667 2458 remedia
690 2411 824 2457 huius
849 2411 919 2457 vel
951 2411 1067 2457 illius
1091 2411 1372 2470 tentationis,
1399 2412 1469 2458 vel
1494 2428 1550 2457 ex
1572 2412 1732 2458 ordine
1762 2411 1913 2458 dicen-

290 2498 354 2531 tes
379 2485 548 2549 aliquid
572 2485 629 2531 de
653 2486 874 2547 praesenti
900 2485 1199 2532 solemnitate.
1220 2487 1291 2532 Ita
1315 2485 1435 2531 enim
1457 2486 1607 2531 minus
1632 2484 1912 2531 incommodi

288 2577 344 2606 ex
368 2559 655 2605 distractione
680 2560 938 2605 studiorum
965 2571 1192 2623 sequetur.

357 2634 594 2679 Praeterea
618 2632 774 2696 scripsi
800 2632 905 2679 alias
932 2634 1080 2680 literas
1096 2644 1199 2679 ante
1223 2634 1338 2680 duos
1357 2651 1531 2680 menses
1554 2635 1610 2681 ad
1638 2635 1695 2680 R.
1726 2634 1776 2680 P.
1806 2631 1913 2679 Pol-

291 2709 471 2754 lancum
491 2724 627 2770 super
645 2707 918 2771 quibusdam
938 2707 1161 2771 scrupulis
1178 2708 1489 2756 conscientiae.
1515 2709 1595 2755 Ad
1615 2708 1709 2754 illas
1728 2723 1913 2770 respon-

292 2782 385 2829 deri
413 2781 562 2827 velim.

363 2856 596 2901 Praeterea
620 2855 746 2917 quod
772 2855 823 2900 P.
854 2856 991 2900 Petro
1019 2855 1323 2902 Ribadaneira
1338 2856 1471 2902 video
1488 2871 1749 2902 concessum
1776 2852 1913 2900 fuisse

348 3026 359 3050 ¹
420 3029 513 3063 Tam
535 3029 581 3063 de
602 3027 765 3063 lectione
790 3027 1003 3072 scripturae
1031 3031 1202 3073 sanotae,
1225 3039 1338 3074 quam
1359 3029 1405 3064 de
1432 3027 1722 3074 ingolstadiensi
1749 3029 1907 3070 rectore,

293 3090 331 3127 P.
354 3091 501 3126 Thoma
522 3090 695 3135 Lentulo,
716 3089 891 3126 videatur
911 3090 1023 3136 hujus
1046 3089 1218 3135 epistola,
1240 3101 1274 3127 n.
1300 3101 1412 3138 1239,
1434 3091 1570 3136 posita.
