2008 3510
299 263 377 302 570
765 251 1001 290 EpisTOLAE
1030 251 1277 290 M1xrAE-1
1284 263 1305 290 2
1311 265 1331 303 3
1338 265 1358 303 3

310 357 406 402 Tre
430 356 473 403 di
500 355 635 420 quelli
662 356 862 420 giouani,
889 356 916 403 li
944 357 1023 420 pisi
1051 357 1227 420 grandi,
1253 357 1280 403 li
1306 357 1386 421 piu
1407 357 1525 404 dotti
1543 367 1589 404 et
1611 358 1657 405 di
1683 358 1764 422 pisi
1789 360 1875 406 im-

246 442 491 494 portanza,
526 431 815 492 deliberorno
847 432 1023 489 uenire,
1055 444 1100 478 et
1133 432 1226 478 cosi
1261 432 1295 478 si
1329 431 1597 478 affaticorno
1626 432 1672 480 di
1708 433 1874 481 hauere

246 505 434 563 uiatico,
468 517 513 551 et
548 505 590 551 10
615 505 784 551 hebero
816 506 891 552 doi
917 506 961 552 di
990 506 1107 554 loro:
1134 506 1279 570 questi
1305 523 1441 552 erano
1466 506 1675 553 Antonio
1701 507 1873 567 Leone,

185 620 188 624 ,
244 577 272 623 il
300 579 368 624 cui
396 579 538 642 padre
565 578 589 624 ἐ
616 576 884 642 fondegaro,
910 591 955 625 et
980 579 1190 626 Antonio
1218 579 1506 638 Valentiano‚
1533 579 1561 624 il
1586 579 1656 625 cui
1682 580 1822 643 padre
1849 581 1874 627 ὲ

246 665 488 710 mercante,
514 665 559 699 et
585 670 675 699 non
701 653 836 699 stain
862 653 1034 712 Padoa‚
1062 653 1122 699 mi
1149 653 1176 699 il
1203 652 1385 716 giouani
1407 653 1452 699 ui
1471 664 1599 698 staua
1624 670 1647 698 a
1672 653 1871 701 studiar':

244 727 270 772 e
295 727 342 773 di
368 728 571 774 mirabile
595 728 802 791 ingenio,
827 744 958 774 come
981 727 1124 773 scrissi
1151 726 1262 773 altre
1287 726 1424 774 uolte.
1454 726 1492 772 Il
1518 726 1581 787 3,⁰
1604 743 1679 773 era
1705 727 1873 774 Anibal

245 801 417 858 Otello‚
444 801 470 847 il
499 801 647 865 qualle
673 819 752 865 per
779 813 937 848 nostro
961 801 1160 847 conselio
1182 801 1358 847 haueua
1385 800 1677 847 adimandato
1700 800 1876 847 licentia

245 875 316 921 dal
353 876 493 939 padre
523 888 681 923 contra
711 893 791 922 sua
821 876 956 923 uolia.
998 876 1034 922 Ι1
1069 876 1209 939 padre
1246 892 1337 921 non
1370 875 1398 921 li
1438 875 1562 921 uolse
1602 875 1696 922 dar'
1717 887 1876 939 questa

249 950 438 1008 licentia,
463 967 592 996 come
617 950 704 996 ben
730 950 907 996 haueua
931 951 1060 996 detto
1083 949 1253 995 Anibal
1278 949 1445 1006 auanti,
1465 949 1547 995 che
1562 966 1655 995 non
1680 949 1720 994 la
1743 949 1873 996 daua.

248 1024 356 1069 Pur'
378 1024 405 1070 il
443 1024 659 1088 giouane,
691 1025 905 1071 bramoso
946 1025 991 1071 di
1027 1025 1202 1082 uenire,
1235 1025 1409 1070 haueua
1440 1023 1686 1070 deliberato
1723 1025 1877 1070 uenire

246 1115 331 1144 con
361 1099 386 1144 li
413 1099 512 1145 altri
539 1117 562 1144 a
589 1099 804 1156 Venetia,
829 1100 856 1145 li
890 1099 1026 1164 qualli
1060 1099 1281 1146 diceuano
1312 1099 1357 1145 di
1390 1099 1580 1144 aiutarlo
1610 1099 1666 1145 de
1690 1099 1876 1156 uiatico;

246 1189 319 1218 ma
344 1173 370 1218 il
399 1173 559 1235 padre,
585 1173 868 1220 intendendo
894 1174 937 1219 io
963 1191 1038 1220 era
1071 1173 1262 1237 partito,
1294 1173 1328 1219 si
1354 1175 1496 1236 penso
1521 1173 1602 1219 che
1630 1173 1656 1218 il
1682 1173 1876 1236 giouane

244 1245 499 1293 facilmente
526 1247 586 1292 mi
614 1258 782 1310 poteua
808 1248 963 1293 uenire
988 1247 1158 1305 drieto,
1190 1247 1342 1293 subito
1376 1246 1420 1292 10
1456 1246 1625 1293 mando
1651 1247 1733 1292 alla
1757 1247 1876 1304 uilla,

240 1331 287 1366 et
312 1320 372 1366 iui
400 1320 441 1366 10
474 1331 576 1366 tene
608 1338 687 1384 per
718 1321 864 1367 alcuni
898 1321 1062 1385 giorni.
1097 1321 1184 1367 Lui
1220 1321 1395 1367 ritorno
1428 1321 1592 1367 dentro
1626 1321 1666 1367 la
1695 1333 1813 1367 terra
1837 1322 1878 1368 13

239 1395 495 1452 domenica,
521 1407 565 1440 et
590 1412 683 1441 uno
709 1396 752 1441 di
780 1397 926 1459 questi
952 1396 1136 1460 giouani
1156 1407 1285 1442 tanto
1304 1396 1338 1441 si
1359 1394 1540 1441 affatico
1561 1412 1641 1458 per
1660 1395 1876 1453 trouarlo,

239 1480 286 1514 et
310 1470 397 1514 mai
428 1486 517 1515 non
548 1470 656 1532 pote
683 1486 824 1515 senon
852 1470 893 1515 13
916 1487 1026 1527 sera,
1044 1481 1088 1516 et
1111 1469 1201 1533 [lo]
1226 1471 1361 1515 trouo
1381 1487 1465 1515 con
1487 1487 1547 1515 un
1567 1469 1814 1527 seruitror'‚
1834 1481 1879 1517 et

243 1560 303 1588 un
333 1543 449 1589 altro
474 1543 650 1602 drieto‚
676 1544 812 1607 qualli
841 1544 866 1590 li
894 1545 1120 1590 mandaua
1145 1543 1172 1589 il
1197 1544 1338 1607 padre
1361 1561 1472 1601 suo,
1498 1543 1594 1590 acio
1620 1560 1710 1589 non
1735 1543 1877 1591 facese

243 1633 347 1662 cosa
372 1617 547 1675 alcuna,
567 1618 649 1663 che
677 1617 775 1663 loro
802 1634 893 1662 non
914 1617 1144 1674 uedesino,
1160 1629 1204 1662 et
1224 1634 1315 1662 non
1337 1618 1500 1663 andase
1519 1617 1562 1663 in
1583 1617 1745 1664 alcuno
1764 1618 1877 1676 loco,

242 1690 324 1736 che
354 1707 447 1736 non
475 1691 518 1736 ui
551 1689 725 1736 fussino
758 1691 971 1754 presenti,
1011 1691 1121 1737 Pur'
1150 1702 1312 1755 questo
1345 1690 1540 1755 giouane
1570 1703 1751 1749 nostro,
1778 1692 1878 1738 bra-

245 1780 374 1809 moso
399 1764 443 1810 di
468 1763 648 1810 cauarlo
673 1764 744 1810 dal
773 1764 963 1822 mondo,
989 1781 1035 1810 se
1059 1764 1088 1809 li
1114 1765 1291 1820 acosto,
1317 1781 1448 1810 come
1474 1764 1610 1810 melio
1634 1766 1756 1828 pote,
1785 1766 1878 1828 pia-

246 1837 399 1884 liando
427 1839 538 1884 altra
562 1855 704 1897 seusa,
730 1849 774 1884 et
799 1838 827 1884 li
853 1838 970 1885 disse
995 1839 1076 1884 che
1101 1839 1199 1884 loro
1218 1839 1250 1884 si
1272 1838 1499 1884 uoleuano
1517 1840 1683 1901 partire
1701 1839 1741 1885 la
1765 1856 1877 1898 sera,

243 1912 326 1957 che
353 1913 505 1958 uenise
531 1913 613 1958 alla
639 1913 827 1971 barcha,
859 1925 903 1959 et
936 1930 1028 1959 non
1061 1913 1093 1959 si
1126 1930 1282 1959 curase
1315 1913 1360 1959 di
1393 1913 1548 1960 denari
1574 1931 1602 1959 0
1627 1913 1738 1959 altra
1760 1930 1876 1970 cosa,

241 1987 325 2032 che
351 1986 450 2033 loro
476 1987 783 2050 portaua[no]
813 1989 959 2033 ancho
992 2004 1073 2050 per
1104 1987 1183 2034 lui.
1220 1987 1417 2050 Rispose
1445 1988 1528 2033 che
1562 2005 1759 2050 pensaua
1784 2005 1874 2052 non

244 2072 420 2123 potere,
447 2078 527 2124 per
553 2061 689 2125 quelli
720 2062 802 2107 che
827 2062 872 2108 10
896 2062 1169 2126 seguinano,
1195 2061 1277 2107 che
1303 2060 1457 2107 farebe
1481 2062 1590 2125 ogni
1615 2061 1772 2108 sforzo
1797 2078 1877 2125 per

243 2135 435 2180 trouarsi
469 2151 555 2180 con
588 2134 685 2180 loro
717 2135 759 2180 in
792 2153 854 2181 un
885 2147 1010 2182 certo
1041 2135 1152 2181 loco.
1198 2137 1378 2198 Aspero
1421 2152 1481 2197 un
1520 2152 1670 2198 pezzo
1714 2147 1877 2199 questo

244 2208 466 2270 giouane,
494 2221 538 2254 et
562 2208 730 2254 Anibal
759 2226 849 2254 non
885 2225 1025 2266 uene3
1057 2220 1101 2255 et
1131 2208 1299 2271 perche
1331 2209 1570 2255 haueuano
1603 2209 1876 2272 aparichiato

244 2282 354 2344 ogni
379 2299 497 2340 cosa,
526 2294 571 2328 et
594 2284 702 2329 dato
728 2283 888 2329 ordine
913 2283 958 2330 di
982 2283 1154 2341 uenire,
1179 2300 1270 2328 non
1298 2295 1460 2346 potero
1485 2283 1565 2346 ρἰὐ,
1590 2297 1806 2346 aspetare‚
1832 2294 1877 2329 et

244 2357 340 2402 cosi
366 2357 402 2401 si
428 2357 633 2419 partirno
658 2373 738 2420 per
763 2358 904 2403 uenir’
927 2375 951 2403 a
977 2358 1170 2404 Venetia
1193 2357 1222 2403 li
1247 2357 1323 2403 doi
1348 2357 1567 2421 Antonij,
1594 2358 1736 2420 pieni,
1762 2371 1808 2404 et
1830 2358 1875 2404 di

245 2550 384 2585 aetatis
405 2554 441 2585 et
461 2550 578 2585 studii
601 2553 637 2585 et
657 2550 878 2595 praeclarae
905 2549 1068 2595 indolis,
1096 2549 1161 2595 qui
1196 2549 1309 2585 etiam
1338 2549 1489 2595 logicae
1516 2549 1554 2584 in
1573 2549 1729 2594 publico
1749 2548 1877 2585 studio

246 2622 402 2658 operam
423 2613 599 2658 dederat,
621 2613 690 2648 sed
716 2611 754 2647 in
775 2612 919 2647 scholis
948 2612 1089 2648 nostris
1108 2611 1313 2647 lectionem
1334 2611 1542 2647 rhetorices
1563 2621 1639 2646 non
1663 2611 1875 2656 omittebat,

247 2675 400 2710 nomine
421 2675 618 2710 Antonius
638 2673 972 2719 Fontegharus...»
998 2674 1138 2720 Atque,
1160 2674 1246 2709 aliis
1266 2674 1486 2720 interjectis,
1508 2683 1595 2719 pag.
1621 2683 1707 2719 234,
1729 2684 1764 2708 n.
1787 2673 1876 2718 884,

247 2737 336 2783 885,
359 2737 481 2772 addit:
506 2736 714 2783 «Quinque
747 2736 802 2771 illi
829 2738 1011 2782 juvenes,
1040 2737 1086 2771 de
1115 2736 1252 2782 quibus
1280 2735 1455 2781 superius
1482 2735 1624 2771 mentio
1645 2735 1746 2771 facta
1766 2739 1834 2780 est,
1856 2746 1878 2771 a

247 2799 285 2836 P.
318 2799 467 2845 Ignatio
502 2799 659 2836 admissi
688 2798 859 2845 fuerunt,
886 2805 923 2835 et
954 2809 1093 2845 magno
1122 2810 1207 2834 cum
1237 2799 1429 2834 desiderio
1460 2798 1619 2834 Romam
1646 2798 1774 2834 venire
1804 2797 1876 2843 ipsi

247 2862 465 2908 cupiebant.
489 2862 565 2898 Sed
586 2863 724 2908 partim
745 2868 900 2908 propter
921 2868 1089 2909 pestem,
1112 2863 1219 2907 cujus
1246 2863 1359 2898 timor
1386 2862 1522 2897 itinera
1544 2861 1765 2907 claudebat,
1784 2871 1873 2905 par—

248 2925 314 2959 tim
335 2930 492 2970 propter
512 2926 634 2970 bella,
656 2935 754 2971 quae
774 2925 916 2961 Romae
945 2928 981 2960 et
1007 2925 1046 2959 in
1073 2924 1218 2960 ditione
1250 2923 1446 2960 Ecclesiae
1467 2924 1712 2969 gerebantur,
1735 2922 1877 2958 differ-ri

246 2988 416 3032 oportuit
438 2997 568 3022 eorum
590 2987 628 3022 in
650 2987 781 3022 urbem
803 2987 1028 3032 adventum,
1058 2997 1143 3022 cum
1174 2986 1250 3022 alia
1276 2985 1519 3022 Probationis
1538 2985 1702 3031 Domus,
1724 2984 1790 3020 ubi
1811 2984 1878 3020 ad-

250 3049 506 3095 mitterentur,
541 3050 579 3085 in
610 3049 720 3085 Italia
754 3050 859 3085 nulla
888 3053 1026 3086 esset...
1050 3049 1126 3085 Sed
1155 3049 1289 3084 dilatio
1310 3048 1554 3085 occasionem
1575 3048 1679 3084 dedit
1699 3046 1877 3083 daemoni

246 3112 436 3157 quosdam
456 3122 502 3147 ex
523 3112 577 3147 eis
598 3112 644 3147 ab
666 3111 738 3147 hoc
759 3112 958 3157 proposito
980 3111 1258 3147 abducendi...»
