2008 3510
822 277 837 303 1
870 264 1059 317 JANUARII
1091 277 1191 316 1557
1690 244 1778 317 617.)

190 368 413 416 civitates:
439 369 668 416 Placentia
691 380 736 416 et
760 371 975 417 Castrum
999 370 1126 431 Julii‚
1154 369 1407 417 Placentiae
1434 371 1493 417 ita
1518 371 1742 434 providit,
1768 384 1820 419 ut

191 455 374 507 egentes
410 444 532 490 cives
569 457 776 503 centum,
818 445 985 509 quibus
1025 444 1298 491 verecundia
1338 456 1383 490 et
1414 445 1566 508 pudor
1606 445 1818 494 fortunae

190 516 350 574 officit,
375 518 470 580 ipse
491 517 579 563 alat
605 517 730 564 victu
754 519 1051 582 quotidiano;
1076 518 1302 582 reliquum
1330 536 1573 565 numerum
1600 521 1816 583 primori-

191 590 276 636 bus
299 591 507 646 civitatis,
535 592 613 655 qui
640 592 770 638 multi
795 604 920 650 sunt,
946 592 1248 639 committens
1280 592 1540 656 Municipia
1563 594 1818 656 placentina

190 676 326 728 atque
348 665 567 723 colonias,
592 683 708 729 quae
738 665 833 712 fere
864 683 1062 730 paupere
1092 666 1228 712 turba
1258 667 1560 730 agricolarum
1593 680 1816 726 constant,

190 738 385 802 benigne
414 739 610 786 advocat
639 740 696 786 ad
728 756 856 786 suam
887 739 1200 803 metropolim,
1231 756 1417 803 cosque,
1450 752 1681 804 quotquot
1711 741 1817 800 sint,

189 813 355 875 paratis
378 813 537 876 epulis,
559 814 720 877 accipit
743 814 962 878 quotidie,
988 813 1118 860 nobis
1142 830 1249 859 usus
1276 814 1508 871 ministris,
1535 831 1559 860 a
1583 815 1750 878 quibus
1773 829 1818 862 et

187 887 460 934 condiantur
495 887 581 934 cibi
614 900 659 934 et
700 888 1012 934 ministrentur
1049 887 1457 935 discumbentibus.
1502 889 1655 934 Datur
1694 890 1815 935 enim

187 958 274 1005 hoc
298 960 486 1022 epulum
512 961 556 1006 in
582 977 684 1007 area
708 962 905 1025 quadam
931 961 1126 1008 subdiali
1152 961 1291 1007 nostri
1317 962 1514 1024 hospitii,
1543 962 1676 1025 longe
1703 963 1815 1009 late-

186 1051 275 1098 que
304 1037 499 1098 patenti,
525 1035 602 1082 ubi
635 1048 826 1099 possunt
855 1037 1008 1082 omnia
1039 1036 1283 1083 commode
1315 1037 1514 1099 transigi.
1549 1037 1723 1083 Initum
1750 1049 1819 1083 est

185 1111 451 1157 convivium
485 1111 572 1157 hoc
606 1111 760 1174 paucis
790 1122 892 1157 ante
922 1111 1094 1159 diebus.
1128 1111 1198 1157 Ita
1228 1128 1337 1157 vero
1369 1122 1564 1174 augetur
1598 1128 1817 1158 numerus

186 1181 598 1248 frequentantium,
639 1197 692 1231 ut
739 1201 974 1248 speremus
1011 1185 1246 1232 habituros
1290 1202 1372 1231 nos
1418 1186 1633 1231 convivas
1679 1202 1815 1249 supra

185 1257 476 1321 quingentos,
506 1258 674 1322 Neque
714 1259 836 1304 enim
876 1258 1016 1305 libera
1046 1259 1289 1305 hominum
1328 1275 1520 1322 corpora
1559 1259 1814 1316 confluunt,

185 1331 264 1378 sed
288 1342 409 1378 totae
433 1330 647 1390 familiae,
667 1332 794 1395 quod
814 1332 1121 1379 miserandum
1136 1331 1446 1395 spectaculum
1466 1330 1548 1391 est,
1577 1350 1600 1378 e
1620 1333 1816 1397 propriis

186 1405 370 1452 sedibus
401 1406 658 1453 convulsae.
692 1403 794 1451 Nos
825 1406 870 1452 in
902 1417 1030 1452 tanto
1061 1406 1246 1469 negotio
1278 1423 1379 1452 eam
1408 1423 1643 1452 servamus
1673 1407 1814 1453 ratio—

186 1495 289 1525 nem
315 1490 450 1543 atque
473 1479 696 1535 ordinem,
717 1492 768 1525 ut
792 1496 939 1544 neque
964 1491 1171 1526 nostrum
1196 1479 1495 1526 ministerium
1520 1481 1673 1527 turbet
1696 1481 1814 1527 mul-

184 1550 348 1609 titudo,
373 1569 520 1616 neque
537 1554 766 1619 jacturam
790 1554 1011 1617 temporis
1035 1552 1268 1601 faciamus,

144 1686 153 1687 -
248 1627 330 1674 Ad
354 1627 540 1674 alteram
566 1627 818 1685 civitatem,
844 1628 1059 1674 Castrum
1083 1628 1217 1688 Julii‚
1250 1628 1372 1674 misit
1397 1646 1453 1675 ex
1479 1629 1643 1674 nostris
1667 1646 1813 1675 sacer-

183 1701 340 1747 dotem
364 1718 470 1747 cum
495 1700 634 1748 fratre
658 1701 792 1760 laico,
818 1714 869 1748 ut
900 1703 970 1749 hic
994 1714 1204 1748 curarent
1235 1714 1421 1748 centum
1455 1703 1617 1766 viginti
1643 1719 1813 1766 paupe-

183 1793 254 1822 res
278 1775 476 1823 alendos.
503 1776 556 1822 In
582 1776 650 1822 his
674 1777 910 1834 omnibuS,
935 1788 988 1823 ut
1011 1777 1160 1835 vides,
1193 1793 1217 1822 a
1250 1777 1379 1822 nobis
1411 1777 1611 1840 postulat
1634 1777 1812 1839 praesul

183 1866 370 1912 operam
410 1861 455 1896 et
485 1850 784 1913 diligentiam.
827 1851 994 1914 Neque
1023 1851 1167 1908 enim,
1199 1861 1251 1896 ut
1282 1851 1342 1896 ait
1374 1850 1469 1908 ille,
1502 1850 1596 1897 aliis
1626 1851 1812 1897 auderet

183 1923 469 1969 committere
510 1940 651 1987 quarn
692 1923 849 1980 nobis,
890 1940 1006 1987 quos
1046 1924 1165 1970 dicat
1201 1941 1291 1969 non
1324 1924 1535 1970 humanis
1576 1923 1812 1970 affectibus

183 1996 302 2054 duci,
326 1996 406 2043 sed
429 1997 669 2043 christiana
691 1997 924 2044 charitate.
950 1996 1130 2043 Gratias
1155 1998 1259 2044 Deo
1283 2009 1429 2061 agunt
1458 1999 1607 2044 cuncti
1635 2010 1810 2044 morta-

182 2069 264 2126 les,
299 2071 424 2134 quod
459 2071 712 2134 praesulem
743 2071 930 2117 videant
970 2087 1075 2117 suae
1107 2071 1346 2134 metropoli
1379 2083 1558 2117 tantum
1592 2072 1812 2134 temporis

181 2154 466 2206 praesentem
491 2144 662 2202 adesse;
689 2145 907 2208 quodque
934 2156 1106 2190 tantam
1132 2145 1242 2209 ejus,
1262 2146 1389 2209 quod
1416 2162 1652 2209 nunquam
1678 2157 1811 2208 puta-

180 2229 307 2275 runt,
340 2218 700 2264 munificentiam
731 2219 1039 2281 experiantur.
1074 2219 1343 2282 Intelligunt
1374 2232 1526 2265 tamen
1553 2235 1734 2276 omnes,
1760 2230 1812 2265 ut

179 2292 278 2338 talis
312 2291 385 2338 ille
415 2292 493 2348 sit,
535 2304 716 2355 praeter
758 2309 887 2338 suam
931 2293 1070 2355 ipsius
1112 2294 1353 2351 virtutem,
1390 2294 1642 2356 plurimum
1673 2293 1809 2339 etiam

174 2366 327 2429 juvari
351 2364 653 2413 familiaritate
671 2404 682 2424 ,
708 2383 846 2430 quam
874 2366 1112 2412 nobiscum
1138 2366 1290 2425 habet,
1318 2384 1367 2413 ac
1392 2368 1551 2430 pervio
1575 2384 1660 2412 usu
1686 2378 1810 2413 vete-

181 2440 240 2486 ris
265 2440 463 2504 hospitii.
494 2440 597 2486 Deo
621 2441 800 2503 optimo
825 2440 1026 2486 maximo
1058 2441 1243 2503 gratias,
1270 2441 1348 2504 qui
1375 2457 1456 2486 nos
1481 2440 1570 2486 suis
1594 2439 1808 2503 pauperi-

181 2513 266 2560 bus
289 2515 507 2578 dignatur
531 2514 775 2562 ministros,

247 2587 329 2633 Illa
351 2588 486 2634 etiam
513 2605 560 2634 re
592 2588 712 2634 levat
742 2600 895 2634 noster
924 2586 1102 2651 praesul
1133 2587 1361 2650 publicam
1396 2588 1511 2633 hanc
1545 2597 1808 2650 egestatem,

180 2662 307 2725 quod
331 2678 508 2718 omnes,
533 2672 764 2725 quotquot
786 2661 929 2707 velint
951 2661 1167 2718 conduci,
1194 2661 1250 2708 ad
1274 2677 1435 2724 operas
1460 2661 1597 2725 hujus
1620 2660 1808 2717 domus,
1846 2696 1849 2700 .

179 2750 319 2797 quam
344 2734 476 2780 nobis
500 2734 718 2792 aedificat,
743 2735 902 2798 recipit
926 2734 1130 2780 libenter:
1160 2736 1287 2799 quod
1307 2735 1351 2780 in
1373 2735 1453 2780 hac
1478 2734 1663 2797 regione
1687 2734 1808 2780 inso-

177 2809 272 2855 lens
296 2819 379 2867 est,
404 2820 498 2855 tam
521 2809 647 2856 duris
678 2809 941 2872 praesertim
976 2810 1273 2872 temporibus.
1308 2810 1377 2856 Sic
1410 2810 1579 2854 instant
1603 2809 1807 2872 surgenti

176 2883 304 2946 operi
336 2883 599 2930 mercenarii
631 2883 875 2947 plusquam
907 2882 1118 2940 ducenti,
1150 2894 1202 2929 ut
1235 2900 1318 2946 par
1350 2883 1406 2928 sit
1442 2883 1498 2928 ad
1529 2882 1806 2928 dominicam

177 2957 554 3003 resurrectionem
595 2956 764 3003 bonam
810 2956 906 3020 ejus
946 2967 1124 3019 partem
1165 2954 1414 3019 perfectam
1460 2968 1505 3001 et
1550 2955 1806 3001 absolutam

178 3028 303 3088 fore;
328 3029 449 3076 illam
477 3030 668 3094 quippe,
693 3046 808 3094 quae
833 3029 964 3076 nobis
987 3029 1223 3077 incolenda
1254 3041 1344 3086 est,
1370 3041 1415 3075 et
1438 3028 1686 3075 habitanda
1713 3026 1806 3073 fre-

178 3104 490 3167 quentissime3
524 3120 626 3150 nam
659 3103 706 3150 id
737 3104 937 3150 maxime
967 3115 1095 3150 curat
1126 3104 1326 3168 praesul,
1358 3114 1410 3149 ut
1440 3120 1496 3149 ex
1529 3103 1627 3166 ipso
1668 3102 1806 3148 etiam
