2008 3510
808 284 860 324 27
888 273 996 326 Jum
1031 275 1131 327 1548
1654 275 1731 327 663

161 377 370 424 meminit
397 377 532 425 Pater
563 378 726 426 doctor
756 380 800 426 in
827 380 962 427 literis
993 380 1107 439 suis,
1132 380 1204 427 vel
1229 381 1377 445 tangit
1409 380 1651 429 dumtaxat
1679 398 1787 445 pro-

162 451 349 500 lixitatis
378 453 616 501 euitandae
645 456 810 518 gratia,
843 468 1032 520 propter
1060 456 1186 520 quod
1221 456 1329 503 mihi
1360 456 1555 503 iniunxit
1591 467 1642 503 vt
1670 456 1786 504 hanc

162 527 402 573 scriberem
426 527 679 591 epistolam.

230 600 462 664 Imprimis
485 601 656 666 itaque,
682 621 736 650 eo
761 602 854 650 fere
880 604 1076 652 tendunt
1098 605 1256 652 omnia
1282 605 1531 667 (quantum
1554 603 1785 651 coniectu-

162 674 224 721 ris
248 675 422 739 assequi
455 678 722 740 possumus)
757 695 1072 743 quaecumque
1103 679 1346 743 praeterita
1374 678 1719 742 quadragesima
1742 678 1787 725 in

162 750 353 813 publicis
393 752 687 798 concionibus
718 764 877 799 contra
915 754 1030 800 hanc
1073 755 1342 817 religionem
1379 752 1494 799 dixit
1534 752 1682 799 bonus
1715 752 1788 800 ille

163 824 312 882 Pater,
337 837 382 871 et
412 843 528 890 quae
559 838 715 890 postea
747 827 791 873 in
823 828 995 874 mutuis
1025 828 1261 892 colloquiis
1291 844 1396 873 cum
1434 827 1566 873 Patre
1598 827 1787 874 doctore

158 899 373 956 contulit,
406 911 457 946 vt
487 902 735 964 quamdam
768 901 1056 965 opinionem,
1086 919 1164 948 seu
1196 901 1351 965 potius
1392 901 1786 964 imaginationem,

158 989 297 1037 quam
340 973 478 1020 habet
518 976 574 1021 de
615 976 878 1022 antichristo
919 987 1049 1033 nato,
1091 976 1482 1040 qualitercumque
1517 976 1788 1039 comprobet

159 1059 295 1112 atque
318 1049 570 1097 confirmet.
600 1050 712 1098 Hoc
738 1051 857 1097 enim
885 1049 978 1097 fere
1004 1067 1183 1115 semper
1213 1051 1408 1097 insinuat
1431 1051 1477 1097 in
1501 1050 1788 1097 sermonibus

158 1123 250 1168 suis
279 1133 324 1169 et
354 1123 543 1186 priuatis
574 1135 619 1170 et
649 1125 862 1188 publicis,
895 1141 1094 1171 asserens
1143 1141 1263 1171 nunc
1303 1141 1397 1171 esse
1438 1123 1683 1171 nouissima
1715 1124 1788 1171 illa

160 1207 390 1260 tempora,
421 1198 478 1245 de
516 1198 683 1263 quibus
716 1199 921 1264 loquitur
951 1199 1201 1281 apostolus,
1243 1209 1319 1247 13⁶
1349 1199 1405 1245 ad
1439 1198 1599 1246 Thim.
1630 1204 1708 1258 4.⁰‚
1738 1215 1788 1245 ac

159 1271 352 1334 proinde
393 1271 807 1335 probabilissimum
847 1290 940 1320 esse
986 1273 1076 1320 iam
1112 1291 1206 1320 esse
1255 1285 1413 1320 natum
1455 1267 1787 1329 antichristum,

159 1345 286 1425 quod
307 1356 352 1391 et
375 1345 469 1407 ipse
492 1346 549 1393 ab
573 1364 627 1394 eo
651 1348 787 1394 semel
813 1348 998 1394 audiui
989 1365 1035 1394 in
1058 1348 1234 1407 scholis,
1254 1349 1366 1395 dum
1386 1348 1565 1411 publice
1589 1348 1787 1407 doceret,

160 1418 256 1482 qui,
281 1420 664 1483 conquerentibus
688 1421 949 1467 nonnullis
941 1438 1091 1484 ipsum
1117 1421 1352 1467 asseruisse
1377 1421 1464 1466 iam
1490 1437 1632 1466 annos
1655 1420 1787 1485 quin-

160 1509 249 1556 que
275 1504 433 1539 natum
461 1510 554 1540 esse
584 1495 923 1552 antichristum,
958 1497 1192 1559 respondit
1224 1513 1270 1542 se
1304 1512 1539 1558 nunquam
1565 1494 1652 1542 tale
1675 1495 1788 1559 quid

160 1583 462 1624 asseuerasse‚
494 1569 572 1616 sed
603 1582 829 1633 quantum
862 1571 1065 1616 humano
1097 1571 1263 1633 iudicio
1294 1571 1510 1635 consequi
1535 1581 1708 1634 potest,
1732 1588 1789 1618 ex

159 1642 534 1705 probabilissimis
558 1643 699 1707 signis
723 1661 771 1690 ac
796 1645 1067 1691 coniecturis
1092 1656 1227 1709 atque
1261 1661 1408 1691 sacrae
1438 1645 1686 1708 scripturae
1718 1655 1787 1691 te-

160 1716 384 1763 stimoniis
406 1717 587 1764 credere
619 1719 727 1764 haec
758 1736 851 1765 esse
889 1732 1098 1783 tempora
1121 1719 1394 1766 antichristi:
1418 1731 1463 1765 et
1493 1730 1620 1765 tanto
1644 1718 1787 1765 liben-

160 1791 248 1838 tius
274 1809 322 1838 ac
347 1791 531 1838 liberius
555 1792 658 1839 huic
689 1794 879 1839 adheret
911 1784 1248 1857 imaginationi,
1282 1805 1455 1858 quanto
1481 1793 1632 1839 minus
1656 1804 1788 1857 putat

158 1881 250 1912 esse
276 1865 459 1929 periculi
486 1867 530 1912 in
557 1867 643 1913 hoc
668 1867 830 1930 decipi.
863 1868 949 1914 Ait
979 1869 1100 1914 enim
1131 1868 1246 1915 hanc
1278 1868 1485 1915 eamdem
1521 1868 1786 1932 opinionem

158 1939 294 1987 fuisse
342 1952 549 2004 tempore
574 1941 929 2004 apostolorum,
973 1954 1108 2006 atque
1154 1943 1289 1989 etiam
1329 1953 1536 2006 tempore
1573 1942 1785 2006 Gregorii

159 2015 334 2079 magni;
359 2015 403 2061 in
429 2015 586 2062 eadem
612 2016 809 2080 denique
843 2017 1059 2078 opinione
1090 2015 1226 2063 fuisse
1257 2027 1463 2063 sanctum
1489 2017 1785 2063 Vincentium

158 2088 515 2146 Ferrariensem,
558 2106 674 2152 quos
714 2106 895 2147 omneS,
933 2090 1143 2154 quamuis
1182 2101 1380 2148 sanctos,
1422 2102 1608 2154 apparet
1650 2089 1785 2137 fuisse

156 2163 392 2226 deceptos,
418 2164 540 2210 vnde
566 2164 734 2210 mirum
768 2181 859 2210 non
890 2180 985 2211 esse
1015 2181 1162 2229 neque
1192 2165 1534 2223 damnandum,
1558 2165 1591 2211 si
1617 2175 1662 2211 et
1692 2165 1784 2228 ipse

156 2253 341 2302 quoque
375 2254 480 2284 cum
515 2238 680 2284 sanctis
709 2237 918 2285 fallatur:
949 2249 994 2284 et
1024 2250 1204 2297 tamen,
1236 2240 1408 2304 inquit,
1446 2239 1612 2286 nemini
1655 2240 1785 2286 Deus

157 2329 285 2358 suam
312 2312 565 2375 potentiam
590 2313 651 2359 sic
676 2312 892 2376 alligauit,
919 2325 970 2358 vt
989 2329 1080 2359 non
1097 2314 1252 2376 possit,
1271 2315 1456 2378 quando
1481 2314 1618 2371 vellit,
1643 2325 1688 2360 et
1710 2314 1783 2361 cui

158 2388 274 2445 vult,
300 2387 407 2432 haec
439 2386 670 2433 reuellare.
707 2387 782 2433 Ex
814 2386 981 2450 quibus
1014 2388 1200 2434 innuere
1232 2388 1576 2452 quodammodo
1601 2388 1785 2434 videtur

158 2461 310 2507 Deum
339 2461 425 2508 hoc
450 2460 533 2507 sibi
558 2460 808 2508 reuellasse.
834 2461 984 2507 Aiunt
1013 2472 1166 2508 autem
1195 2462 1441 2509 inhibitum
1472 2478 1564 2507 esse
1594 2461 1639 2508 in
1673 2478 1784 2508 con-

157 2535 259 2581 cilio
283 2535 573 2594 lateranensi,
601 2535 686 2581 sub
713 2535 869 2582 Leone
901 2550 977 2593 10,
1003 2553 1058 2582 ne
1082 2537 1183 2600 quis
1212 2537 1389 2600 publice
1413 2536 1614 2600 predicet
1637 2535 1782 2582 reuel-

158 2609 346 2655 lationes
382 2608 464 2655 sibi
496 2607 646 2655 factas.
684 2609 931 2655 Perlubens
965 2610 1142 2656 videret
1174 2610 1309 2657 Pater
1342 2611 1504 2656 doctor
1539 2610 1779 2657 concilium

158 2682 269 2729 illud
295 2682 590 2739 lateranense,
616 2683 717 2729 ideo
742 2694 786 2728 te
812 2694 962 2746 rogat,
992 2694 1040 2730 vt
1063 2683 1173 2731 illud
1198 2701 1287 2731 vna
1310 2701 1417 2730 cum
1442 2683 1662 2747 proximis
1685 2684 1781 2731 lite-

156 2757 217 2803 ris
241 2757 298 2803 ad
323 2773 406 2802 nos
430 2756 597 2804 mittas,
625 2756 783 2802 Paucis
807 2757 968 2803 abhinc
987 2756 1146 2804 diebus
1166 2758 1275 2805 adiit
1299 2757 1427 2804 illum
1447 2757 1581 2803 Pater
1603 2758 1781 2817 doctor,

156 2831 434 2895 loquuturus
457 2831 573 2877 circa
603 2830 767 2877 malam
802 2831 1203 2891 existimationem,
1234 2848 1371 2896 quam
1407 2832 1465 2878 de
1496 2831 1628 2878 nobis
1658 2843 1703 2879 et
1726 2833 1783 2879 de

156 2916 253 2952 tota
277 2905 497 2952 Societate
520 2905 718 2968 suscepit
741 2905 848 2951 haec
872 2905 1030 2952 ciuitas
1053 2923 1109 2953 ex
1140 2906 1436 2954 concionibus
1458 2906 1574 2965 eius,
1599 2917 1644 2953 et
1667 2924 1783 2971 quo-

158 2981 298 3026 modo
332 2996 464 3026 causa
486 2979 686 3025 extiterit
718 2979 965 3042 quominus
998 2979 1044 3026 id
1078 2979 1295 3027 foeliciter
1325 2981 1555 3037 successit,
1587 2982 1714 3045 quod
1738 2982 1783 3028 in

160 3054 402 3100 utilitatem
429 3053 537 3100 boni
563 3053 731 3116 publici
760 3052 906 3099 fuerat
930 3054 1218 3102 intentatum.
1245 3055 1357 3112 Hic,
1383 3055 1490 3102 data
1513 3056 1784 3119 opportuni-

162 3137 268 3184 tate,
294 3126 493 3191 apertius
518 3143 656 3191 quam
680 3143 884 3191 vnquam
908 3127 1045 3175 animi
1069 3129 1136 3175 sui
1161 3130 1426 3177 sententiam
1452 3130 1715 3187 declarauit;
1739 3141 1784 3177 et

515 3234 526 3253 ἱ
