2008 3510
754 322 771 349 1
805 311 1051 350 Dsscssumus
1084 309 1183 361 1556
1652 320 1725 360 551

224 416 434 480 Corpore
456 415 661 463 valemus
678 432 852 474 omnes,
877 416 974 463 laus
993 416 1114 475 Deo,
1131 425 1179 463 et
1201 415 1362 479 spiritu
1386 415 1432 462 in
1456 415 1664 463 Domino
1688 433 1781 464 non

158 508 321 555 parum
346 490 592 555 proficiunt
614 508 784 539 omnes.

225 566 285 612 6.
324 563 436 612 feria
467 566 708 628 praeterita
742 566 903 613 datum
942 575 1010 612 est
1037 581 1063 611 a
1088 574 1247 611 senatu
1285 563 1528 611 coloniensi
1563 563 1781 612 confratri

160 651 337 696 nostro,
361 639 437 687 M.
463 639 664 700 Johanni
690 639 834 697 Redt‚
857 638 1113 702 collegium,
1147 649 1226 684 aut
1254 637 1390 684 bursa
1418 638 1558 684 trium
1589 655 1781 686 corona-

159 729 278 770 rum,
301 723 355 759 vt
375 712 447 759 hic
471 724 654 772 vocant,
688 713 734 759 in
757 729 869 777 qua,
900 723 1143 776 antequam
1177 712 1381 758 Romam
1404 711 1780 775 proficisceretur,

158 786 381 833 habitauit
409 798 455 833 et
483 787 652 834 docuit.
689 787 946 852 Nunquam
980 787 1027 833 in
1056 797 1151 832 tam
1185 784 1309 832 bono
1341 796 1461 832 statu
1494 802 1565 832 res
1602 798 1782 834 nostrae

155 876 250 906 sese
273 860 344 906 hic
368 860 642 919 habuerunt,
678 872 728 907 vt
751 861 905 908 modo.
942 861 1073 908 Circa
1106 859 1301 908 natalem
1324 859 1515 906 Domini
1545 870 1660 923 puto
1693 878 1780 907 no-

154 945 272 980 stros
307 933 555 981 intraturos
589 934 788 992 bursam,
818 945 864 980 et
891 951 997 981 cum
1030 950 1155 980 nouo
1190 950 1310 980 anno
1334 933 1594 997 incepturos
1624 934 1781 981 saltem

156 1006 327 1070 aliquas
352 1007 578 1065 lectiones,
602 1008 856 1055 secundum
873 1007 1000 1071 quod
1019 1007 1064 1053 in
1089 1007 1298 1053 Domino
1313 1007 1556 1055 videbitur.
1575 1007 1783 1055 Studiosa

145 1081 369 1144 juuentus
414 1098 463 1128 ac
515 1082 703 1128 studiosi
757 1098 916 1128 omnes
961 1082 1160 1128 multum
1213 1082 1258 1127 in
1311 1082 1504 1128 modum
1548 1083 1780 1129 exhilarati

154 1154 358 1212 fuerunt,
383 1156 568 1218 quando
594 1155 911 1202 intellexerunt
934 1155 1098 1201 nostris
1129 1156 1290 1201 datum
1313 1155 1569 1219 collegium.
1604 1156 1714 1218 Qua
1736 1156 1781 1203 in

154 1246 203 1274 re
240 1229 437 1276 multum
472 1229 694 1276 debemus
730 1230 852 1277 Rdo.
888 1230 1013 1276 Dno.
1046 1229 1294 1293 Gruppero
1328 1246 1434 1276 cum
1469 1230 1565 1276 eius
1601 1230 1783 1277 duobus

157 1301 375 1349 fratribus
404 1303 688 1360 doctoribus,
713 1304 791 1367 qui
823 1320 916 1349 non
946 1304 1076 1366 parui
1107 1303 1304 1350 nominis
1333 1315 1379 1350 et
1407 1304 1687 1350 auctoritatis
1710 1303 1782 1351 hic

158 1377 377 1423 Coloniae
400 1388 519 1423 sunt.
542 1379 670 1423 Ante
693 1378 788 1424 dies
810 1378 984 1441 aliquot
1008 1377 1281 1423 inuitauerat
1304 1377 1543 1441 theologos
1565 1395 1614 1424 ac
1638 1379 1782 1442 magi-

160 1463 278 1497 stros
297 1463 490 1508 nostros,
510 1462 556 1497 et
575 1463 756 1497 nostros
778 1451 999 1509 similiter,
1020 1462 1070 1498 vt
1087 1467 1222 1497 suum
1242 1450 1456 1497 affectum
1477 1467 1584 1514 erga
1602 1463 1782 1498 nostros

157 1524 264 1587 ipsis
286 1524 559 1583 ostenderet,
585 1525 712 1589 quod
734 1536 779 1571 et
802 1523 910 1571 fecit
933 1541 1099 1588 magna
1121 1541 1228 1570 cum
1250 1525 1460 1581 omnium
1484 1525 1782 1572 admiratione

156 1609 202 1643 et
226 1597 533 1644 aedificatione
555 1597 583 1643 ¹.

224 1671 433 1732 Magnus
469 1671 539 1717 hic
574 1683 642 1717 est
676 1671 987 1718 studiosorum
1030 1687 1262 1730 numerUS,
1302 1670 1380 1734 qui
1416 1687 1576 1717 omnes
1609 1670 1783 1734 optime

212 1853 225 1878 ¹
282 1855 430 1902 Operae
450 1856 614 1903 pretium
635 1860 692 1893 est
713 1856 842 1903 aliqua
863 1867 910 1892 ex
928 1857 1224 1902 REIFFENBERG,
1246 1852 1357 1893 Hist.
1377 1854 1467 1893 Soc.
1487 1852 1575 1899 JeS.
1597 1853 1661 1893 ad
1675 1853 1784 1894 Rhe-

157 1928 255 1955 num
276 1915 543 1968 inferiorem‚
569 1919 635 1954 lib.
657 1927 715 1965 111,
737 1930 822 1965 cap.
842 1927 871 1955 11
892 1919 1114 1965 decerpere,
1136 1919 1273 1965 quibus
1300 1929 1378 1964 res,
1398 1918 1556 1964 perinde
1583 1929 1628 1954 ac
1653 1923 1784 1964 gestae

159 1985 260 2025 sunt,
280 1980 554 2027 intelligantur.
575 1981 661 2018 Non
682 1981 783 2017 enim
805 1981 1002 2027 negotium
1024 1981 1136 2027 hujus
1156 1981 1311 2027 collegii
1331 1981 1425 2017 satis
1446 1981 1493 2016 ab
1515 1980 1600 2017 aliis
1620 1980 1785 2026 explica-

158 2047 238 2078 tum
258 2042 432 2088 legimus.
455 2043 575 2089 Igitur
600 2043 782 2089 «accidit,
802 2049 846 2079 ut
867 2044 988 2079 altero
1009 2044 1056 2078 ab
1083 2043 1214 2079 oblata
1239 2042 1520 2089 supplicatione
1540 2042 1614 2087 die,
1641 2042 1785 2078 incide-

159 2108 218 2140 ret
253 2099 397 2155 [noster
432 2101 606 2157 Rhetius]
642 2106 680 2141 in
712 2105 972 2142 Everhardum
1008 2105 1326 2152 Sudermannum,
1359 2105 1538 2142 Consulis
1570 2105 1703 2150 filium,
1738 2115 1785 2140 ex

161 2177 282 2213 eoque
302 2167 547 2214 intelligeret,
569 2169 768 2214 negotium
790 2178 866 2204 non
886 2168 1051 2214 integre,
1074 2178 1146 2203 nec
1164 2178 1347 2214 germana
1374 2167 1681 2203 administratum
1701 2177 1785 2202 esse

162 2229 248 2265 fide.
280 2229 435 2265 Nullam
469 2230 594 2266 Rhetii
629 2231 667 2266 in
698 2231 843 2267 Senatu
877 2230 1018 2267 factam
1052 2231 1304 2277 mentionem3
1333 2235 1558 2276 usurpatum
1587 2231 1787 2265 dumtaxat

160 2291 391 2327 invidiosum
415 2289 684 2335 Jesuz'tarum
715 2301 871 2338 nomem
899 2293 1120 2328 Academiae
1144 2294 1293 2339 legatos
1318 2303 1395 2328 non
1421 2292 1583 2328 candide
1604 2292 1785 2327 recitasse

161 2354 355 2389 decretum
365 2362 374 2399 ;
405 2354 471 2389 sed
498 2354 634 2400 frigide
662 2354 812 2391 functos
841 2365 924 2391 esse
956 2354 1095 2391 officio.
1122 2354 1288 2392 Dixisse:
1314 2365 1392 2390 non
1417 2358 1604 2390 staturum
1631 2354 1785 2399 quidem

160 2426 228 2462 per
259 2416 525 2462 Academicos,
555 2417 759 2463 quominus
789 2417 974 2453 Societati
1005 2417 1250 2463 consignetur
1277 2416 1540 2463 Gymnasium:
1573 2416 1785 2452 consultius

161 2483 290 2514 tamen
316 2478 450 2524 videri,
485 2479 517 2514 si
549 2479 737 2525 Majorum
766 2489 872 2515 more
901 2480 1073 2515 tradatur
1097 2480 1192 2525 viro,
1219 2480 1283 2526 qui
1314 2480 1409 2516 nulli
1439 2479 1620 2525 religioso
1652 2478 1785 2514 Ordini

118 2546 121 2549 '
165 2541 338 2586 illigatus
359 2541 720 2578 vivat—Addebat
738 2541 999 2578 Everhardus:
1018 2542 1140 2577 videri
1166 2542 1252 2588 sibi,
1273 2553 1353 2578 rem
1373 2542 1483 2577 facile
1504 2541 1782 2587 explicandam,

163 2603 198 2638 si
217 2603 372 2639 omissis
391 2604 577 2649 tantisper
598 2604 728 2648 sociis,
748 2603 906 2640 Rhetius
932 2604 997 2639 uni
1024 2604 1110 2648 sibi,
1131 2603 1277 2639 homini
1302 2608 1406 2648 noto,
1427 2602 1728 2649 Aggrippinensi
1748 2606 1785 2638 et

162 2664 388 2711 consulari,
410 2665 566 2702 scholae
589 2666 958 2702 administrationem
978 2665 1296 2711 petat.—Arrisit
1315 2665 1451 2701 Rhetio
1477 2668 1513 2700 et
1540 2665 1674 2700 amicis
1694 2674 1786 2700 con-

163 2727 305 2765 silium.
318 2727 490 2764 Tertium
507 2728 636 2774 itaque
652 2738 730 2763 rem
744 2731 880 2773 tentat,
898 2729 1127 2774 brevemque
1143 2737 1212 2763 suo
1228 2728 1427 2763 dumtaxat
1445 2727 1599 2762 nomine
1614 2726 1786 2762 libellum

164 2788 276 2825 offert
285 2797 294 2834 ;
316 2789 381 2835 qui
401 2799 487 2825 cum
509 2801 532 2825 a
554 2790 697 2835 Sigeno
718 2789 886 2826 Consule
909 2790 1204 2835 praelegeretur,
1224 2790 1278 2825 ita
1302 2789 1499 2825 benevolis
1525 2792 1706 2834 acceptus
1731 2795 1788 2824 est

163 2852 333 2898 auribus,
367 2856 410 2888 ut
443 2853 606 2888 mirifica
636 2853 754 2888 totius
789 2853 1017 2898 amplissimi
1052 2852 1206 2888 Ordinis
1236 2852 1457 2888 assensione
1490 2851 1648 2886 Rhetius
1676 2850 1789 2886 fuerit

165 2914 366 2961 Gymnasii
386 2915 628 2951 Tricoronati
650 2915 788 2952 Rector
806 2915 1055 2952 renuntiatus.
1078 2914 1163 2962 Quo
1183 2914 1302 2961 facto,
1324 2914 1563 2960 potissimum
1590 2914 1654 2949 ille
1682 2912 1788 2949 adni-

164 2987 229 3013 sus
249 2981 318 3023 est,
339 2981 381 3013 ut
401 2977 598 3014 confectas
626 2978 674 3014 ab
705 2974 990 3016 Universitate
1011 2985 1070 3013 xv
1089 2977 1176 3014 Kal.
1197 2977 1420 3013 Decembris
1444 2976 1595 3012 tabulas
1614 2975 1788 3022 publicas

168 3050 239 3076 suo
254 3040 505 3086 Magistratus
524 3041 693 3077 firmaret
715 3041 966 3087 autographo;
983 3040 1047 3087 qui
1068 3040 1183 3076 etiam
1198 3040 1301 3076 haud
1320 3043 1477 3086 gravate
1494 3039 1572 3086 jam
1586 3038 1787 3084 praestitit.

142 3140 147 3145 ,
165 3101 373 3148 Diplomati
394 3106 534 3149 tamen,
555 3104 662 3150 cujus
682 3103 895 3149 legitimum
914 3103 1019 3148 apud
1038 3113 1110 3139 nos
1130 3107 1234 3138 extat
1253 3101 1533 3148 apographum,
1560 3101 1661 3137 hanc
1687 3100 1788 3146 adJe·

167 3164 219 3199 cit
249 3164 526 3201 conditionem:
560 3170 601 3200 ut
633 3165 839 3211 quotannis
875 3175 988 3201 usum
1026 3164 1226 3211 Gymnasii
1259 3163 1395 3210 viginti
1429 3163 1595 3210 quinque
1633 3161 1789 3198 florenis
