2008 3510
747 245 798 284 24
826 244 1027 272 OCTOBRIS
1060 232 1162 285 1556
1642 243 1719 283 473

142 350 188 386 et
211 338 404 386 scandali
430 339 645 403 publichi,
671 340 1047 403 principalmente
1071 339 1216 386 alcuni
1244 338 1289 386 di
1316 337 1580 402 professori,
1601 337 1627 384 li
1649 338 1772 402 quali

142 431 284 461 sanno
322 415 393 461 ch’
415 432 496 478 per
531 415 688 461 adesso
728 427 890 479 questo
930 415 1120 479 collegio
1152 432 1243 461 non
1287 417 1382 478 puo
1414 413 1773 470 hauer’d'altri;

141 489 293 535 donde
318 489 363 535 in
388 499 550 552 questo
575 489 799 552 principio
819 490 1063 553 potrianno
1079 488 1146 535 far
1171 488 1246 535 tali
1268 489 1461 535 scandali
1488 488 1614 552 [con]
1636 505 1775 552 gran-

141 563 330 609 dissimo
354 563 644 621 detrimento,
670 565 707 610 si
741 581 922 627 apresso
949 564 974 609 li
1006 563 1210 610 catholici
1244 580 1374 609 come
1407 563 1432 609 li
1473 563 1677 609 heretici.
1714 562 1774 608 Et

141 649 303 700 questo
329 655 418 684 non
443 638 592 684 scriuo
616 656 753 684 senza
778 639 1028 702 proposito;
1054 639 1223 702 perch’,
1250 640 1286 684 si
1314 655 1445 684 come
1471 638 1531 683 ho
1556 637 1773 684 inteso‘in

140 724 311 758 secreto
331 714 376 758 d'
397 712 574 771 alcuno,
596 713 622 758 l’
642 714 799 777 signor
818 714 1079 777 praeposito
1099 713 1112 739 ¹
1136 713 1192 759 ha
1206 713 1372 759 sentito
1391 730 1521 759 come
1542 713 1586 758 in
1612 725 1774 777 questo

139 786 330 851 collegio
355 787 366 832 i
393 787 530 833 Padri
557 800 602 834 et
626 786 787 834 fratelli
815 787 986 834 fossero
1018 788 1230 845 discordi,
1265 788 1550 844 contentiosi,
1583 799 1684 844 etc.,
1718 787 1775 833 de

140 862 244 925 qual
269 879 372 907 cosa
397 862 504 908 assai
533 863 592 909 mi
618 880 700 909 son
726 862 901 911 doluto.
922 862 1056 909 Iddio
1082 861 1234 926 voglia
1266 862 1336 907 ch'
1358 878 1450 908 non
1476 862 1538 907 sia
1562 879 1684 908 vero.
1713 861 1775 908 Et

140 937 292 998 perch'
314 936 357 982 in
393 948 554 1000 questo
588 937 780 1001 collegio
813 954 894 983 son
921 937 1067 983 alcuni
1100 936 1258 982 tentati
1285 937 1330 982 d'
1353 934 1470 982 furia
1501 950 1546 981 et
1576 935 1774 994 cholera,

139 1010 252 1056 saria
278 1011 447 1074 meglio
471 1029 500 1057 o
524 1011 790 1076 indulgerli‚
815 1028 844 1058 o
869 1010 1110 1058 remouerli
1130 1011 1175 1057 di
1203 1011 1299 1076 quj,
1321 1011 1515 1056 accioch'
1534 1027 1615 1074 per
1635 1010 1673 1056 la
1693 1027 1774 1056 sua

139 1083 382 1131 rebellione
407 1085 453 1132 d'
474 1102 566 1132 non
594 1087 719 1132 voler
743 1097 936 1132 accettar
959 1096 1117 1150 queste
1142 1085 1313 1148 grande
1334 1085 1654 1148 poenitentiae,
1680 1102 1771 1130 non

138 1159 414 1206 animasset-o
437 1159 466 1206 li
492 1160 592 1206 altri
622 1160 857 1206 thudeschi
885 1159 1067 1225 infermj
1097 1160 1143 1206 di
1170 1172 1332 1223 questo
1363 1158 1555 1222 collegio
1590 1176 1671 1222 per
1706 1158 1776 1206 far

138 1249 241 1279 cosa
264 1233 423 1291 simile,
444 1234 515 1280 ch'
532 1234 654 1297 dipoi
683 1234 943 1298 bisognasse
968 1233 1195 1296 indulger'
1216 1251 1240 1278 a
1265 1234 1385 1290 tutti,
1406 1234 1526 1279 doue
1545 1234 1589 1279 in
1610 1245 1774 1298 questo

138 1303 364 1370 principio
381 1325 426 1354 se
445 1319 622 1371 potesse
640 1307 726 1354 far'
742 1320 899 1372 questa
919 1308 1202 1372 indulgentia
1220 1307 1468 1354 solamente
1479 1325 1565 1354 con
1582 1308 1715 1371 pochi
1743 1308 1774 1356 2.

203 1382 291 1428 Per
330 1399 485 1428 seruar
525 1395 688 1446 questo
711 1395 756 1429 et
775 1383 892 1429 altre
934 1400 1035 1429 cose
1067 1394 1112 1429 et
1143 1381 1277 1428 fuora
1307 1394 1352 1429 et
1383 1383 1548 1428 denti-o
1581 1382 1625 1428 di
1658 1400 1772 1440 casa,

136 1455 249 1501 saria
273 1455 430 1502 buono
454 1457 525 1503 ch’
550 1458 575 1502 l’
595 1458 830 1520 superiore
855 1457 1030 1503 hauessi
1058 1473 1147 1502 vna
1171 1473 1363 1519 persona
1389 1455 1542 1514 fidata,
1575 1456 1773 1519 practica

137 1541 183 1576 et
207 1530 448 1592 prudente,
474 1529 500 1575 l’
526 1531 658 1594 quale
684 1531 868 1576 andasse
893 1547 996 1576 seco
1021 1528 1168 1587 fuora‚
1195 1530 1233 1575 si
1263 1541 1337 1575 tan
1365 1529 1480 1575 bene
1510 1529 1582 1575 alli
1614 1530 1773 1576 conui-

137 1604 221 1668 uij,
245 1621 376 1651 come
400 1605 472 1651 alli
497 1605 595 1652 altri
616 1605 774 1669 luoghi
794 1605 839 1651 di
858 1604 1048 1669 qualche
1070 1604 1272 1667 rispetto‚
1292 1615 1337 1650 et
1362 1604 1388 1649 l’
1411 1602 1669 1650 informassi
1697 1604 1774 1667 poi

141 1678 184 1724 in
225 1695 324 1724 casa
360 1679 464 1725 delli
500 1678 667 1738 difetti,
710 1696 802 1725 non
834 1696 914 1742 per
952 1679 1144 1725 modum
1180 1677 1558 1740 reprehensionis,
1585 1694 1658 1724 ma
1693 1695 1775 1742 per

138 1750 332 1800 modum
372 1753 675 1811 obedientiae3
715 1753 833 1800 ch’l'
853 1753 1059 1816 superior
1092 1753 1425 1799 commandassi
1467 1752 1527 1798 tal
1551 1769 1679 1811 cosa,
1713 1753 1774 1798 la-

136 1827 319 1874 sciando
337 1828 412 1890 poi
438 1828 709 1875 lesecutione
728 1828 765 1874 al
786 1827 988 1892 giudicio
1011 1839 1056 1873 et
1078 1826 1325 1890 prudentia
1345 1826 1416 1873 del
1437 1827 1686 1890 superiore.
1711 1826 1775 1873 Et

136 1914 299 1966 questo
323 1902 386 1948 fin
411 1903 568 1950 adesso
591 1904 654 1949 sia
678 1903 807 1950 detto
831 1914 1006 1966 quanto
1038 1902 1077 1947 al
1109 1918 1223 1965 capo
1252 1901 1296 1947 di
1331 1912 1492 1965 questa
1521 1918 1635 1958 casa,
1675 1901 1773 1947 cioe

138 1976 165 2021 l’
192 1976 441 2039 superiore.

198 2050 425 2099 Secondo:
453 2068 543 2097 non
570 2051 613 2097 vi
642 2051 799 2115 voglio
824 2051 1067 2097 ascondere
1099 2050 1171 2096 ch'
1189 2050 1250 2096 ho
1285 2061 1468 2095 trouato
1489 2049 1566 2113 qui
1599 2049 1642 2094 in
1663 2065 1772 2112 que-

135 2137 206 2172 sto
230 2126 424 2190 collegio
448 2127 492 2173 di
522 2127 684 2190 grandi
710 2139 755 2172 et
774 2127 920 2190 grossi
942 2126 1197 2191 tentationj‚
1222 2136 1268 2172 et
1285 2126 1331 2171 d'
1358 2125 1521 2188 alcunj,
1544 2125 1626 2170 che
1651 2123 1770 2170 forse

135 2217 331 2246 noesuno
355 2201 573 2263 pensaria.
595 2201 658 2247 Et
678 2218 771 2246 non
790 2202 923 2257 vedo,
944 2201 1143 2247 secondo
1166 2200 1193 2246 l’
1213 2200 1414 2263 giudicio
1435 2201 1542 2256 mi0‚
1568 2199 1684 2245 altro
1703 2216 1770 2244 rea

136 2274 301 2329 medio,
327 2290 372 2320 se
398 2291 488 2320 non
514 2275 668 2338 quello
692 2292 781 2339 que
805 2276 880 2338 gia
907 2275 966 2321 ho
992 2276 1138 2331 detto,
1165 2287 1210 2321 et
1235 2275 1310 2338 poi
1335 2275 1406 2321 ch’
1428 2273 1544 2320 fosse
1565 2291 1625 2319 vn
1647 2273 1770 2319 buon

133 2346 390 2394 confessore
414 2348 459 2395 di
486 2349 608 2405 tutti,
638 2349 664 2394 l'
686 2349 818 2413 quale
843 2366 924 2412 per
947 2350 1056 2413 ogni
1084 2350 1227 2396 modo
1250 2351 1351 2395 sara
1375 2349 1620 2395 necessario
1642 2364 1722 2410 per
1744 2347 1769 2392 li

135 2422 390 2480 thudeschi,
417 2422 567 2487 boemj
595 2434 641 2469 et
664 2423 762 2468 altri
790 2421 974 2470 fratelli:
1002 2439 1082 2486 per
1106 2422 1134 2468 li
1163 2423 1399 2469 thudeschi
1426 2435 1470 2468 et
1498 2422 1666 2486 boemj,
1700 2420 1772 2467 ch'

138 2496 163 2542 li
190 2498 352 2560 sapessi
376 2497 520 2543 molto
546 2498 632 2544 ben
659 2497 873 2561 imparar'
891 2509 936 2544 et
959 2497 1205 2544 confirmar
1230 2497 1344 2544 nella
1370 2496 1486 2552 fede3
1514 2513 1593 2559 per
1619 2495 1645 2541 li
1682 2494 1770 2541 fra-

190 2667 203 2693 ¹
263 2670 474 2708 «Dominus
498 2672 686 2708 Henricus
714 2672 964 2718 Scribonius,
986 2673 1231 2718 Praepositus
1251 2673 1440 2709 ecclesiae
1466 2671 1687 2717 pragensis,
1709 2671 1773 2716 qui

137 2730 318 2779 Episcopi
339 2734 465 2770 locum
487 2734 525 2770 in
546 2736 591 2770 ea
613 2735 778 2771 ecclesia
801 2735 979 2779 tenebat;
1001 2736 1164 2771 necdum
1187 2735 1288 2770 enim
1318 2734 1642 2780 Archiepiscopus
1673 2733 1774 2768 ullus

137 2797 202 2830 aut
222 2793 436 2841 Episcopus
457 2796 495 2832 in
517 2807 562 2833 ea
582 2797 748 2834 ecclesia
772 2801 925 2834 creatus
946 2796 1081 2842 fuerat,
1103 2801 1308 2843 postquam
1331 2798 1378 2833 ab
1399 2796 1538 2832 unione
1560 2795 1772 2831 catholicae

136 2854 333 2893 Ecclesiae
353 2858 538 2895 Bohemia
557 2864 807 2896 recesserat».
828 2860 1038 2904 POLANCO,
1062 2864 1087 2896 t.
1109 2868 1166 2905 VI,
1194 2870 1281 2906 pag.
1300 2870 1389 2907 379,
1412 2869 1447 2895 n.
1473 2867 1585 2905 1593.

189 2914 206 2940 ²
260 2917 318 2956 Cf.
338 2906 547 2966 PoLANco,
568 2925 592 2958 t.
614 2929 672 2967 VI,
694 2932 779 2968 pag.
802 2923 892 2969 387,
914 2933 951 2958 n.
976 2922 1214 2969 1634·1637,
1235 2923 1300 2959 ubi
1322 2923 1416 2958 haec
1438 2922 1534 2957 inter
1551 2921 1627 2957 alia
1643 2921 1773 2967 legun-

138 2983 215 3016 tur:
239 2981 396 3028 «ltaque
417 2986 454 3018 et
473 2986 581 3020 extra
602 2985 759 3020 domum
781 2990 819 3021 et
839 2985 940 3022 intra
964 2985 1067 3021 illam
1091 2987 1326 3023 exercendae
1349 2980 1594 3036 [patientiae]
1618 2985 1772 3021 occasio

139 3053 215 3079 non
236 3043 378 3090 deerat;
400 3048 437 3080 et
456 3046 550 3082 satis
576 3046 821 3083 observatum
842 3051 917 3092 est,
940 3048 987 3083 ad
1014 3058 1115 3084 nova
1136 3048 1310 3095 Collegia
1331 3048 1567 3094 hujusmodi,
1592 3047 1771 3084 fortiores

139 3105 177 3141 in
197 3105 333 3151 spiritu
354 3110 390 3142 et
410 3107 630 3145 stabiliores
650 3119 733 3146 esse
754 3109 975 3156 mittendos,
1000 3111 1130 3157 quoad
1151 3112 1232 3158 ejus
1251 3111 1332 3148 fieri
1351 3114 1519 3157 posset».

600 3195 613 3214 θ
