2014 3528
802 269 849 311 23
882 269 1037 298 APRILIS
1068 257 1171 310 1556
1263 268 1267 273 ·
1669 259 1746 310 ’285

911 433 938 467 1
949 433 975 467 1
984 432 1053 467 28

741 519 942 556 HECTOR
970 519 1224 557 LIONELLO

484 605 696 652 PATRI
734 581 1030 653 IGNATIO
1066 607 1161 654 DE
1198 606 1485 654 LoYoLA

695 693 811 719 sams
840 694 888 733 23
918 694 1073 720 Aemus
1109 683 1208 733 1556
1236 681 1269 732 *¹-

359 771 484 809 Senas
514 772 723 808 adveniunt
751 772 1200 809 sodales.-—Primordia
1229 772 1384 819 collegii
1414 773 1601 810 senensis.

914 868 1049 966 Jhiis.

232 997 392 1044 Molto
442 997 568 1045 Rdo.
618 998 662 1043 in
705 997 893 1044 Christo
943 997 1107 1045 Padre.
1150 996 1248 1043 Pax
1294 996 1479 1043 Christi.
1528 997 1800 1043 Ancorache

161 1072 226 1119 V.
256 1073 317 1118 R.
347 1073 399 1119 P.
425 1074 524 1118 sara
553 1083 668 1118 stata
701 1071 844 1117 molto
875 1070 979 1117 ben'
1012 1070 1260 1118 informata
1282 1071 1354 1118 del
1384 1071 1434 1117 P.
1460 1070 1723 1118 Salmerone
1755 1072 1801 1118 di

165 1160 341 1211 quanto
367 1148 589 1194 accadeua
621 1140 738 1193 circa
762 1146 804 1192 la
830 1145 1097 1193 fondatione
1122 1146 1166 1193 di
1202 1158 1364 1210 questo
1388 1146 1580 1209 collegio
1600 1145 1629 1202 ²,
1663 1158 1803 1192 tutta-

163 1223 236 1269 uia
267 1239 348 1285 per
378 1221 698 1268 commissione
729 1221 801 1267 del
837 1221 986 1267 Padre
1018 1231 1187 1267 rettore
1208 1220 1223 1245 ³
1255 1237 1347 1267 non
1381 1222 1627 1275 manchero
1666 1237 1803 1267 ancor

163 1298 207 1344 io
232 1297 275 1344 di
304 1297 418 1343 dirle
442 1297 544 1360 quel
570 1296 642 1342 ch’
668 1296 706 1341 al
734 1307 942 1359 presente
970 1296 1029 1341 mi
1055 1312 1214 1341 ocorre
1234 1295 1421 1341 intorno
1446 1295 1531 1341 alla
1557 1288 1804 1341 medesima

162 1371 364 1417 materia.
395 1370 456 1417 Et
488 1370 874 1432 primieramente,
900 1370 1090 1415 essendo
1124 1386 1210 1415 con
1248 1369 1287 1414 la
1317 1370 1473 1433 grazia
1497 1369 1567 1415 del
1595 1370 1800 1433 Signore,

161 1443 351 1490 sabbato
375 1461 400 1489 a
422 1460 538 1500 sera,
570 1443 752 1489 arriuati
786 1444 832 1489 in
865 1443 995 1489 Siena
1025 1443 1118 1489 sani
1151 1455 1196 1489 et
1225 1443 1359 1501 salui,
1392 1443 1419 1489 il
1454 1444 1636 1506 signore
1672 1444 1802 1489 Mer-

157 1506 342 1564 chiante
373 1534 522 1564 uenne
551 1516 704 1563 subito
729 1534 754 1562 a
783 1517 979 1563 trouarci
1012 1517 1055 1563 in
1089 1534 1187 1563 casa
1218 1516 1291 1563 del
1325 1517 1575 1582 procaccjo,
1610 1534 1800 1578 menan-

162 1593 262 1640 doci
305 1593 350 1638 in
391 1608 570 1638 camera
609 1608 703 1648 sua,
737 1604 782 1637 et
813 1592 1052 1638 tenendoci
1091 1609 1115 1637 a
1146 1609 1256 1638 cena
1284 1609 1400 1639 seco.
1438 1592 1506 1638 La
1547 1593 1800 1649 domenica,

163 1667 290 1729 dopo
315 1682 497 1729 pranso,
522 1666 770 1712 andammo
795 1683 820 1711 a
844 1664 929 1712 far’
955 1666 1193 1712 riuerenza
1218 1667 1255 1711 al
1288 1667 1526 1722 cardinaie3
1552 1677 1598 1712 et
1627 1663 1801 1712 bench&

163 1740 422 1788 hauerebbe
448 1741 649 1787 riceuuta
674 1757 788 1804 gran
812 1752 1117 1787 contentezza
1148 1741 1192 1788 S.
1217 1740 1256 1787 S.
1296 1741 1433 1789 Rma.
1468 1740 1565 1787 che'
1592 1741 1600 1786 1
1631 1742 1682 1789 Ρ.
1709 1742 1803 1788 Sal-

164 1833 350 1863 merone
374 1816 407 1862 si
434 1814 553 1862 fosse
578 1814 775 1862 fermato
799 1815 878 1880 qui
904 1816 1050 1862 alcuni
1078 1816 1229 1879 giorni
1252 1814 1266 1840 ⁴
1291 1833 1371 1880 per
1395 1816 1626 1863 consolare
1645 1829 1803 1880 queste

162 1906 333 1953 pouere
357 1890 506 1936 anime
531 1900 660 1936 tanto
685 1889 841 1936 afflitte
873 1907 952 1954 per
984 1890 1025 1936 le
1058 1890 1339 1949 tribulationi
1374 1905 1546 1954 passate
1567 1889 1598 1949 ⁵,
1632 1893 1802 1937 niente-

143 1965 351 2011 ‘dimeno
378 1976 609 2010 mostraua
632 1964 678 2010 di
704 1981 797 2010 non
824 1964 866 2011 le
901 1981 1047 2011 essere
1074 1965 1340 2028 dispiaciuta
1376 1966 1414 2011 la
1439 1978 1608 2012 uenuta
1633 1978 1801 2024 nostra,

162 2038 397 2086 dicendoci
432 2039 514 2084 che
546 2038 752 2084 stessimo
790 2038 834 2084 di
870 2037 1009 2084 buon'
1042 2038 1210 2096 animo,
1252 2040 1334 2086 che
1369 2045 1460 2085 no'n
1492 2040 1679 2086 sarebbe
1721 2057 1803 2102 per

162 2113 385 2160 mancarci
414 2114 580 2160 niente.
610 2112 649 2158 Il
681 2112 838 2159 lunedi
872 2112 1135 2159 uisitammo
1166 2114 1194 2160 il
1226 2115 1384 2178 signor
1416 2114 1696 2161 Villanuoua
1715 2114 1747 2172 ⁶,
1774 2114 1801 2160 il

166 2264 169 2269 ’
222 2257 230 2282 ¹
290 2257 347 2295 Ex
367 2260 607 2306 autographo
628 2260 666 2295 in
686 2260 762 2296 vol.
784 2259 825 2307 F,
848 2260 991 2306 duplici
1014 2260 1120 2307 folio,
1142 2271 1176 2297 n.
1205 2262 1290 2306 184,
1313 2261 1421 2307 prius
1443 2262 1506 2307 46.

217 2319 234 2346 2
289 2323 350 2359 Ad
376 2323 486 2359 initia
512 2323 666 2370 collegii
692 2323 867 2360 senensis
894 2329 1088 2370 spectant,
1109 2335 1207 2371 quae
1226 2325 1416 2361 habentur
1443 2326 1542 2361 inter
1565 2321 1727 2363 Cartas
1750 2322 1802 2362 de

165 2381 468 2437 Sanlgnacz'o,
493 2389 518 2422 t.
545 2394 603 2431 vl,
630 2395 718 2432 pag.
750 2396 836 2433 197,
868 2397 963 2432 221,
994 2397 1087 2432 224,
1119 2397 1213 2433 232,
1243 2397 1338 2434 233,
1368 2398 1462 2434 237,
1489 2398 1577 2432 244.
1606 2387 1662 2424 Cf.
1685 2387 1801 2423 etiam

164 2447 371 2493 POLANCO‚
394 2452 420 2486 t.
439 2456 497 2494 VI,
518 2459 604 2495 pag.
631 2459 701 2484 122
726 2453 763 2485 et
782 2459 888 2496 seqq.

218 2507 234 2532 ³
287 2510 546 2557 Hieronymus
562 2511 737 2548 Rubiola.
759 2511 903 2548 Missus
918 2511 981 2547 hic
997 2510 1119 2548 fuerat
1142 2523 1228 2548 cum
1249 2512 1414 2548 Hectore
1436 2511 1620 2548 Leonello
1637 2515 1673 2547 et
1689 2512 1802 2548 Petro

163 2571 296 2619 Regio,
318 2573 382 2619 qui
407 2573 533 2610 <cirea
562 2573 792 2620 vigesimum
813 2574 914 2610 diem
942 2575 1110 2620 Aprilis›
1135 2581 1406 2622 pervenerant,
1433 2580 1493 2611 «et
1513 2575 1602 2622 quia
1627 2576 1799 2611 nondum

165 2639 418 2682 praeparatus
445 2641 525 2672 erat
553 2636 608 2673 eis
634 2637 743 2673 locus
771 2638 1013 2684 designatus,
1045 2639 1148 2684 quod
1179 2639 1370 2685 reliquum
1402 2644 1483 2674 erat
1514 2639 1626 2684 hujus
1658 2639 1802 2674 mensis

165 2698 304 2745 partim
321 2700 423 2745 apud
439 2699 695 2747 Cardinalem,
714 2700 854 2746 partim
872 2701 911 2736 in
927 2701 1042 2736 domo
1060 2703 1227 2747 quadam
1244 2701 1532 2747 canonicorum,
1550 2707 1798 2749 exegerunt.»

166 2761 375 2807 POLANCO‚
397 2758 510 2808 ibiat,
532 2773 568 2799 n.
591 2771 678 2810 454.

222 2821 236 2847 ⁴
294 2824 406 2861 Senis
427 2830 630 2862 revocatus
651 2825 774 2862 fuerat
793 2825 831 2865 P.
856 2826 1076 2873 Salmeron,
1098 2827 1279 2874 pontifice
1301 2828 1470 2864 maximo
1491 2828 1598 2864 illurn
1620 2828 1695 2864 alio
1718 2828 1801 2863 mit-

167 2890 247 2923 tere
267 2888 473 2933 cogitante.

221 2946 236 2972 5
295 2950 450 2986 ‹Status
470 2951 582 2997 hujus
602 2951 743 2987 nobilis
764 2951 932 2988 civitatis
953 2956 988 2987 et
1013 2951 1131 2989 facies
1157 2953 1251 2990 satis
1279 2954 1497 2990 miseranda
1520 2958 1636 2999 erat,›
1663 2958 1801 2989 vexata

168 3022 304 3058 nempe
325 3014 428 3049 bello
448 3013 613 3060 senensi,
637 3015 751 3059 paulo
773 3018 860 3050 ante
882 3014 1069 3052 confecto.
1091 3015 1298 3061 POLANCO,
1320 3013 1433 3062 ibid„
1456 3028 1493 3052 n.
1516 3025 1606 3063 450.

221 3071 236 3097 ⁶
292 3075 521 3125 Franeiseus
543 3076 770 3122 Villanova,
791 3077 855 3123 qui
883 3077 1155 3123 neapolitanus
1180 3089 1318 3124 regens
1344 3078 1479 3116 fuerat.
1501 3079 1600 3114 Huic
1627 3077 1800 3124 Ignatius

169 3130 323 3183 scripsit
345 3148 393 3185 29
414 3138 558 3184 Aprilis
579 3138 801 3185 epistolam,
822 3131 936 3185 quam
958 3140 1077 3176 habes
1098 3140 1136 3176 in
1162 3136 1330 3185 Canas,
1355 3146 1378 3178 t.
1400 3149 1458 3186 vi,
1481 3151 1570 3187 pag.
1593 3140 1679 3184 245.
