2008 3510
308 268 386 324 466
771 268 1008 312 EP1sToLAE
1037 267 1282 313 Momm—1
1293 281 1365 326 195

253 391 480 443 agentem.
513 379 649 425 Alius
676 395 784 425 vero
810 379 1030 438 notarius,
1061 397 1165 427 cum
1189 397 1283 444 quo
1305 380 1504 428 solemus
1531 380 1710 428 mittere
1734 378 1884 428 literas

251 466 443 512 nostras,
460 453 545 511 ille,
559 453 760 517 inquam,
776 470 865 499 non
879 453 1074 516 amplius
1086 466 1263 501 exercet
1276 455 1468 518 praxim,
1487 472 1567 502 nec
1581 454 1722 501 mittit
1735 455 1884 502 literas

251 530 468 583 Romam;
496 528 687 590 proinde
707 544 821 591 rogo
849 528 899 574 P.
921 528 998 586 V.‚
1025 539 1076 574 ut
1099 529 1292 575 subinde
1316 529 1532 593 dignetur
1551 529 1748 593 aliquem
1775 530 1881 576 mit-

249 614 341 648 tere
372 602 427 649 ad
461 603 717 665 predictum
749 602 944 658 Aialam,
976 614 1021 648 et
1044 613 1196 665 petere
1222 603 1369 649 literas
1393 615 1588 659 nostras3
1615 603 1882 667 frequenter

248 677 367 723 enim
393 676 565 740 scripsi,
600 687 701 722 tum
726 693 807 739 per
835 677 895 722 D.
924 677 1142 723 Alexium
1172 688 1270 722 tum
1298 694 1379 740 per
1402 677 1574 724 dictum
1603 677 1802 735 Castilia,
1836 688 1882 724 et

248 751 463 814 respondi
487 749 704 796 omnibus
730 751 867 797 literis
896 751 945 797 P.
973 751 1029 798 V.
1055 751 1154 796 Nec
1173 751 1336 797 dubito
1355 751 1464 815 quin
1484 768 1604 798 nunc
1624 752 1881 815 receperitis

247 825 403 871 saltem
430 825 600 889 aliquas
618 842 674 871 ex
699 824 795 883 illis,
822 836 866 871 et
891 826 974 872 hoc
1001 826 1110 871 mihi
1136 825 1316 883 sufficit,
1341 826 1448 890 quia
1472 825 1564 872 fere
1589 826 1708 873 idem
1734 827 1879 872 conti-

247 911 366 946 nent.
395 900 574 946 Deinde
599 900 725 964 quod
754 900 803 946 P.
830 899 887 946 V.
914 900 970 946 de
996 900 1256 963 prouintiali
1289 901 1471 958 scribit,
1506 917 1593 964 ego
1620 917 1766 965 neque
1792 901 1879 948 Pa-

245 986 360 1020 trem
374 974 606 1020 Salmeron
626 991 772 1038 neque
790 975 937 1020 literas
955 975 1050 1021 eius
1067 975 1157 1022 vidi
1177 987 1255 1022 aut
1274 976 1445 1035 audiui,
1469 993 1616 1040 neque
1631 978 1877 1040 quicquam
1910 997 1913 1000 ⁴

243 1049 352 1095 sciui
386 1067 439 1095 an
479 1049 546 1095 vel
581 1049 682 1112 quis
715 1049 992 1095 constitutus
1018 1049 1074 1096 sit
1108 1050 1409 1112 prouinfflalis,
1450 1050 1532 1096 nisi
1565 1067 1622 1097 ex
1657 1050 1793 1097 literis
1822 1051 1879 1097 de

244 1135 394 1169 morte
425 1123 534 1169 Rdi.
563 1140 610 1169 ac
635 1123 774 1169 sancti
804 1123 952 1169 Patris
978 1114 1137 1182 nostri,
1164 1124 1270 1170 Dni.
1302 1121 1484 1187 Ignatii3
1510 1124 1673 1171 deinde
1698 1140 1753 1170 ex
1780 1124 1878 1171 lite-

242 1197 301 1243 ris
328 1198 422 1244 heri
449 1198 641 1261 acceptis
674 1197 702 1245 ¹.
729 1198 893 1260 Scripsi
927 1198 1078 1255 etiam,
1104 1198 1269 1245 abhinc
1294 1198 1477 1245 duobus
1502 1198 1596 1246 fere
1633 1199 1876 1257 mensibus,

245 1273 420 1320 Rdum.
450 1273 502 1321 P.
529 1273 814 1320 Bernardum
841 1285 885 1318 et
915 1273 964 1319 P.
995 1273 1278 1335 Quintinum
1303 1273 1464 1320 obiisse
1499 1273 1526 1321 ².

307 1347 450 1408 Quod
476 1347 532 1393 ad
556 1364 712 1393 curam
739 1347 1010 1393 valetudinis
1039 1348 1088 1393 P.
1115 1347 1310 1394 Candidi
1336 1346 1351 1372 ³
1381 1348 1560 1405 attinet,
1592 1349 1692 1414 jam
1723 1348 1875 1412 scripsi

239 1439 345 1468 cum
371 1434 606 1485 postremo
634 1422 867 1468 veredario
893 1422 1083 1484 prolixe,
1111 1439 1181 1468 me
1206 1422 1386 1468 abunde
1411 1439 1462 1469 ea
1487 1422 1532 1468 in
1554 1433 1684 1486 parte
1701 1422 1875 1469 satisfa-

239 1514 338 1544 cere
362 1497 512 1543 officio
539 1515 655 1544 meo,
682 1496 895 1543 Similiter
916 1497 999 1542 late
1020 1497 1175 1559 scripsi
1195 1497 1608 1559 promptitudinem
1625 1497 1762 1543 animi
1787 1498 1874 1544 mei

240 1573 451 1619 veniendi
490 1573 707 1629 Romam,
738 1572 924 1636 quando
957 1570 1151 1634 placebit
1182 1570 1233 1617 P.
1269 1571 1344 1628 V.‚
1384 1571 1428 1616 in
1460 1571 1587 1617 cuius
1617 1570 1875 1617 obedientia

239 1647 393 1693 omnia
420 1647 528 1693 mihi
556 1646 783 1710 possibilia
809 1657 937 1702 sunt3
962 1645 996 1690 si
1023 1661 1132 1690 vero
1157 1645 1283 1691 aliter
1308 1644 1517 1691 videatur
1539 1645 1590 1693 P.
1616 1645 1690 1702 V.‚
1718 1645 1874 1692 videli-

237 1734 307 1768 cet
331 1721 455 1785 quod
482 1738 573 1767 non
599 1721 796 1778 veniam,
822 1720 958 1766 etiam
986 1719 1187 1782 idipsum
1215 1718 1332 1764 bene
1356 1719 1500 1782 placet
1527 1719 1654 1767 mihi.

305 1796 482 1842 Dnum.
522 1794 711 1841 Petrum
748 1793 1034 1840 Andelotum
1067 1810 1170 1839 cum
1214 1794 1414 1856 quodam
1459 1794 1602 1852 socio,
1643 1792 1873 1840 confratre

241 1881 413 1928 nostro,
455 1869 638 1933 permisi
671 1870 733 1915 ire
769 1886 874 1914 cum
906 1869 996 1914 suis
1035 1867 1252 1914 fratribus
1284 1868 1328 1914 in
1359 1867 1696 1932 Burgundiam,
1729 1881 1781 1915 ut
1811 1868 1870 1914 ibi

241 1945 370 2008 (quia
405 1954 533 2007 pater
563 1943 689 1989 breui
723 1942 860 2004 obiit)
895 1953 1082 2005 peragat
1122 1953 1465 2006 componatque
1495 1959 1599 2000 sua,
1631 1954 1675 1988 et
1707 1942 1872 1989 deinde

186 2038 188 2040 ·
238 2018 500 2064 Louanium
526 2017 596 2064 vel
626 2018 828 2063 Romam
855 2016 1186 2080 proficiscatur3
1213 2017 1299 2063 hoc
1331 2028 1484 2063 autem
1518 2017 1700 2080 permisi
1726 2017 1782 2063 ad
1802 2016 1871 2063 in—

291 2209 302 2234 ¹
360 2212 525 2248 Causam
547 2222 614 2247 cur
634 2211 916 2247 Adriaenssens
938 2210 1132 2256 ignoraret
1154 2209 1321 2245 futurum
1350 2209 1387 2245 in
1418 2209 1551 2256 Belgio
1580 2209 1867 2255 provincialem,

236 2275 403 2311 eruimus
426 2286 471 2310 ex
491 2275 695 2319 POLANCO,
721 2279 744 2310 t.
767 2283 821 2319 Vl,
844 2284 931 2320 pag.
954 2284 1042 2318 444,
1065 2281 1154 2320 445,
1176 2283 1211 2308 n.
1238 2272 1357 2319 1906.
1380 2271 1532 2308 Etenim
1552 2283 1638 2308 cum
1659 2271 1870 2318 provincia-

236 2338 283 2374 lis
303 2338 609 2384 designationem
631 2337 670 2374 P.
693 2337 907 2373 Salmeroni
927 2336 1101 2382 Ignatius
1131 2345 1261 2371 coram
1290 2334 1507 2370 faciendam
1537 2334 1776 2382 injunxisset,
1807 2334 1870 2370 hic

239 2402 433 2448 «quicum
454 2401 612 2448 Legato,
635 2400 830 2437 Cardinali
852 2399 1073 2444 Motulensi,
1101 2399 1150 2434 ad
1181 2398 1327 2434 curiam
1361 2397 1608 2444 Imperatoris
1636 2396 1868 2443 mittebatur,

238 2465 285 2500 ad
307 2465 411 2500 illam
434 2474 508 2500 non
531 2463 714 2510 pervenit;
736 2464 802 2498 sed
824 2473 910 2498 cum
932 2462 1065 2498 itinere
1087 2462 1249 2496 duorum
1273 2460 1420 2495 dierum
1442 2460 1614 2504 distaret,
1631 2459 1746 2494 aliam
1765 2458 1868 2494 viam

236 2529 349 2564 simul
372 2540 457 2564 cum
480 2528 565 2574 ipso
585 2527 731 2573 Legato
754 2527 950 2572 ingressus
971 2529 1039 2570 est,
1061 2529 1102 2560 ut
1122 2524 1280 2560 Romam
1303 2524 1462 2568 rediret;
1485 2527 1521 2558 et
1542 2522 1645 2558 misit
1666 2523 1713 2557 ad
1734 2522 1773 2561 P.
1794 2521 1869 2557 Pe-

236 2597 334 2628 trum
357 2592 662 2636 Ribadeneyram
682 2589 719 2625 P.
745 2589 884 2634 Ignatii
906 2589 1135 2635 jussionem,
1168 2587 1270 2632 quod
1299 2586 1486 2622 attinebat
1512 2586 1561 2621 ad
1588 2584 1866 2621 Provincialem

236 2655 467 2700 eligendum.
483 2653 560 2690 Sed
581 2652 670 2699 quia
683 2652 828 2698 placuit
844 2652 998 2687 divinae
1017 2650 1281 2696 providentiae
1297 2649 1335 2685 P.
1356 2648 1594 2684 Bernardum
1609 2644 1866 2696 [Oliverium],

234 2718 297 2763 qui
317 2717 541 2763 designatus
562 2719 642 2752 erat
661 2714 924 2760 Provincialis,
946 2714 995 2749 ab
1016 2713 1088 2749 hac
1104 2713 1184 2749 vita
1199 2713 1247 2748 ad
1268 2713 1476 2757 me110rem,
1499 2715 1540 2747 ut
1553 2720 1763 2757 speramus,
1781 2720 1867 2746 evo-

233 2791 331 2825 care,
365 2791 410 2815 ea
442 2779 656 2825 designatio
688 2778 863 2813 effectum
904 2776 1039 2812 sortita
1074 2786 1150 2812 non
1185 2780 1278 2812 est».
1315 2775 1415 2811 Vide
1450 2785 1575 2821 supra,
1609 2773 1718 2820 epist.
1754 2782 1867 2820 1077,

232 2852 317 2888 pag.
343 2850 429 2888 1453
455 2838 614 2880 Cartas
633 2837 684 2877 de
704 2837 791 2878 San
813 2835 1005 2889 Ignacz'o,
1027 2842 1051 2874 t.
1075 2846 1132 2883 VI,
1154 2848 1242 2884 pag.
1268 2846 1355 2885 115,
1379 2848 1466 2883 211,
1491 2848 1578 2883 241,
1601 2847 1691 2881 244.

283 2902 299 2926 2
354 2904 530 2950 Intellige
553 2903 789 2943 Bernardum
814 2902 1023 2938 oliverium
1046 2905 1082 2936 et
1103 2900 1331 2948 Quintinum
1352 2901 1520 2938 Charlat.

282 2964 296 2988 ³
353 2966 450 3001 Vide
472 2966 563 3012 quid
583 2965 685 3001 Patri
706 2965 987 3000 Adriaenssens
1013 2963 1185 3009 Ignatius
1216 2963 1414 3009 scripserit
1435 2963 1481 2998 de
1509 2963 1680 2999 curanda
1706 2965 1866 2999 nostro-

230 3039 311 3064 rum
339 3028 571 3073 valetudine,
601 3024 759 3066 cartas
792 3023 844 3063 de
870 3024 958 3062 San
986 3021 1180 3074 lgnaczb,
1208 3028 1232 3060 t.
1266 3033 1324 3070 vi,
1348 3036 1435 3071 pag.
1463 3026 1554 3073 485,
1583 3025 1671 3071 260,
1698 3024 1864 3060 maxime

229 3101 321 3127 vero
342 3101 425 3126 cum
450 3094 583 3136 agatur
603 3090 649 3125 de
676 3089 786 3134 viris,
808 3088 943 3134 quales
969 3090 1058 3123 sunt
1085 3086 1351 3133 Rivadeneira,
1385 3086 1578 3124 Oliverius
1606 3090 1643 3123 et
1670 3086 1863 3123 Adrianus

231 3152 425 3189 Candidus
446 3149 618 3203 (Witte).
