2014 3528
323 259 395 296 372
787 248 1019 287 EPISTOLAE
1049 249 1295 289 Mixtus—1
1309 263 1380 302 154

266 353 495 410 omnibUS,
523 364 621 399 tum
648 354 848 401 minimis
873 366 972 401 tum
1000 357 1206 403 maximis
1237 356 1385 414 rebus,
1417 374 1463 404 se
1493 369 1669 421 gereret
1689 357 1717 407 ¹.
1753 358 1899 426 Nefas

266 445 358 473 esse
383 427 491 474 duxi
518 438 694 474 sanctae
719 429 1001 477 obedientiae
1021 431 1102 477 hac
1127 432 1172 477 in
1189 442 1317 495 parte
1342 430 1575 496 refragari,
1595 432 1705 497 quin
1725 432 1895 497 aliquid

265 501 521 550 scriberem.
569 501 798 562 Profecto,
835 505 895 552 R.
932 505 1000 563 P.,
1045 522 1134 551 non
1170 522 1257 569 ego
1290 507 1463 553 cunctis
1495 508 1603 553 meis
1646 507 1894 555 uerborum

266 576 474 638 syrmatis
502 575 712 639 amplecti
739 579 926 641 possim3
947 597 1036 625 non
1064 580 1191 638 mihi,
1211 581 1245 626 si
1274 580 1451 644 linguae
1469 595 1653 628 centum
1680 582 1770 629 sint
1793 599 1894 628 ora-

264 668 352 714 que
389 664 573 698 centum
594 649 625 711 ²,
656 653 803 699 uerbis
829 670 876 700 ac
908 654 1113 700 ubertate
1142 655 1365 701 sermonis
1388 656 1482 702 eius
1507 657 1674 714 laudes,
1707 674 1819 721 quas
1849 657 1893 703 in

265 725 381 771 hisce
406 726 679 774 Germaniae
704 728 908 790 partibus
932 728 988 774 de
1016 728 1146 779 bonis
1173 745 1222 774 ac
1253 729 1451 791 synceris
1487 730 1704 776 omnibus
1734 731 1890 777 catho-

263 799 369 846 licae
395 801 497 847 fidei
527 801 630 847 viris
657 802 845 848 meritus
876 814 956 860 est,
989 803 1093 849 satis
1125 803 1261 866 digne
1292 804 1459 873 possim
1493 805 1732 851 decantare
1757 817 1894 869 atque

262 877 496 940 consequi3
539 877 634 923 siue
663 877 785 923 enim
818 877 996 936 arabes,
1030 878 1123 923 siue
1165 878 1370 941 aegiptii,
1412 880 1506 924 siue
1540 880 1695 925 omnia
1729 881 1892 927 mundi

262 966 401 1013 regna
427 963 655 1012 petantur,
684 945 837 998 ‘nullus
869 952 926 997 illi
963 969 1068 998 sane
1100 954 1324 999 secundus
1356 953 1616 1016 reperietur.
1657 954 1753 1000 Hic
1789 972 1893 1001 uere

262 1025 428 1088 poterit
453 1026 665 1089 appellari
687 1026 888 1086 Joannes
915 1026 1130 1088 Baptista,
1158 1027 1234 1090 qui
1262 1028 1402 1073 anteit
1422 1045 1684 1090 praeparare
1710 1045 1891 1092 germa-

262 1100 328 1145 nis
366 1112 501 1163 atque
539 1099 716 1146 boemis
747 1101 866 1146 uiam
901 1100 1117 1156 Domini;
1157 1101 1250 1159 hic,
1283 1112 1334 1147 ut
1365 1101 1579 1148 omnibus
1614 1112 1775 1148 notum
1803 1117 1891 1160 est,

258 1174 382 1220 omni
426 1175 591 1236 pietate
635 1175 761 1233 nitet,
804 1175 1022 1239 omnique
1064 1176 1288 1221 uirtutum
1316 1192 1480 1239 genere
1514 1175 1781 1239 triumphat3
1822 1177 1892 1239 hic

259 1248 412 1307 decus,
447 1249 592 1295 hones
623 1249 667 1294 in
701 1260 795 1295 tota
827 1249 1075 1295 Germania
1108 1251 1271 1297 existit.
1306 1251 1402 1296 Diu
1434 1262 1663 1314 noctuque
1695 1251 1891 1309 insudat,

260 1323 529 1388 nullumque
551 1324 748 1370 laborem
779 1323 1059 1388 subterfugit
1085 1324 1142 1371 ad
1166 1325 1511 1388 propagandam
1538 1337 1583 1371 et
1614 1341 1890 1388 promouen—

259 1400 364 1444 dam
394 1416 547 1445 ueram
574 1398 694 1445 illam
721 1399 1006 1445 orthodoxae
1032 1398 1134 1446 fidei
1155 1399 1435 1463 religionem.
1464 1400 1579 1458 Hic,
1599 1416 1736 1464 quam
1763 1399 1890 1446 terri-

260 1472 357 1518 bilis
393 1473 580 1519 malleus
611 1473 830 1520 aduersus
872 1472 1065 1520 nefarios
1097 1486 1277 1521 sanctae
1316 1475 1523 1521 ecclesiae
1554 1475 1719 1531 hostes,
1755 1491 1891 1520 nemo

258 1547 482 1610 explicare
509 1560 668 1611 potest.
697 1548 923 1612 Adeoque
947 1549 1103 1595 diuina
1130 1549 1295 1612 pietate
1320 1566 1368 1594 ae
1393 1549 1517 1594 cultu
1544 1549 1614 1594 uir
1638 1560 1813 1607 tantus,
1839 1561 1891 1595 ut

257 1622 312 1668 ab
337 1623 552 1669 omnibus
578 1635 850 1679 reuereatur,
876 1623 1110 1668 excolatur
1135 1636 1418 1687 ameturque,
1445 1623 1504 1669 ita
1529 1623 1634 1681 iarn,
1659 1623 1774 1669 sicut
1805 1621 1891 1670 flos

258 1698 420 1760 campi,
447 1699 491 1744 in
518 1699 597 1745 hac
622 1699 802 1744 ciuitate
828 1698 1036 1761 pragensi
1057 1697 1204 1755 floret,
1230 1698 1486 1761 resplendet
1502 1697 1804 1762 effulgetque:
1829 1698 1891 1744 ita

258 1785 464 1819 nostrum
491 1773 735 1837 collegium
762 1772 991 1831 fundauit,
1015 1773 1222 1819 extruxit
1245 1788 1289 1818 et
1313 1773 1610 1833 instaurauit,
1629 1783 1674 1818 et
1698 1772 1774 1818 tali
1810 1789 1889 1818 au-

256 1847 463 1893 ctoritate
503 1847 665 1905 affecit,
707 1858 758 1894 ut
796 1863 958 1893 omnes
991 1847 1251 1894 mirandum
1288 1848 1334 1894 in
1369 1846 1558 1894 modurn
1595 1847 1700 1893 satis
1736 1846 1888 1893 mirari

257 1933 497 1984 nequeant.
845 1964 847 1966 .
1382 1919 1386 1923 ’

322 1995 455 2042 Haec
488 1996 639 2053 habui,
673 1996 731 2044 R.
768 1996 834 2052 P„
864 1997 920 2043 de
954 1996 1087 2043 Patre
1122 2007 1278 2043 nostro
1307 1996 1489 2043 Canisio
1522 2013 1638 2060 quae
1668 1996 1886 2054 dicerem3

255 2082 438 2132 possent
463 2069 669 2133 profecto
695 2070 843 2117 adhuc
870 2070 1016 2117 multo
1043 2072 1213 2117 maiora
1238 2082 1284 2118 et
1307 2071 1532 2135 quaedam
1557 2071 1801 2134 peculiaria
1830 2069 1887 2117 de

256 2143 331 2189 illo
356 2143 415 2189 ob
440 2143 595 2190 oculos
619 2144 742 2207 poni,
777 2161 892 2208 quae
924 2146 1131 2209 angustia
1162 2146 1382 2209 temporis
1411 2145 1747 2209 praetermitto;
1780 2145 1887 2190 haec

254 2218 374 2263 enim
408 2218 604 2264 arbitror
635 2235 755 2264 nunc
786 2236 879 2266 esse
912 2220 1029 2268 satis,
1067 2220 1211 2282 Quod
1241 2221 1299 2267 ad
1334 2236 1406 2265 me
1431 2219 1609 2277 attinet,
1643 2218 1770 2265 breui
1811 2219 1888 2280 (ut

255 2294 410 2355 spero)
440 2311 511 2339 me
538 2295 643 2354 [sic]
670 2294 726 2340 ad
747 2294 804 2341 V.
834 2295 894 2342 R.
930 2295 1076 2340 literas
1107 2296 1233 2342 dare:
1267 2294 1484 2340 hactenus
1517 2310 1622 2339 sane
1652 2309 1760 2338 vsus
1781 2297 1883 2359 sum

255 2368 452 2414 maxima
476 2369 656 2432 pigritia
682 2380 816 2432 atque
844 2368 1128 2433 negligentia.
1160 2369 1408 2432 Propterea
1431 2385 1513 2414 oro
1538 2379 1674 2431 atque
1694 2365 1884 2413 obsecro

308 2563 320 2588 ¹
377 2566 472 2603 Cum
493 2565 665 2612 Ignatius
685 2565 883 2612 Canisium
910 2566 1118 2612 superioris
1140 2565 1366 2602 Germaniae
1394 2564 1672 2612 provincialem
1702 2567 1882 2610 creasset,

254 2628 315 2664 hic
349 2639 444 2664 onus
474 2629 545 2665 sibi
583 2629 824 2675 impositum,
859 2639 950 2675 prae
984 2629 1101 2665 animi
1133 2628 1384 2674 demissione,
1417 2627 1628 2674 refugiens,
1655 2626 1771 2662 sociis
1805 2625 1884 2662 suis

253 2690 416 2737 injunxit
436 2695 476 2726 ut
496 2692 645 2737 Ignatio
667 2692 894 2737 scriberent,
918 2696 954 2728 et
981 2703 1078 2738 quae
1099 2692 1138 2727 in
1164 2692 1248 2738 ipso
1277 2691 1618 2737 deprehendissent
1637 2689 1743 2734 vitia,
1766 2688 1885 2735 aperi-

253 2758 348 2789 rent.
371 2754 477 2801 Quae
498 2755 529 2790 si
551 2754 699 2800 Ignatio
721 2755 875 2800 cognita
898 2759 1037 2800 essent,
1062 2754 1305 2790 existimabat
1326 2753 1505 2790 Canisius
1526 2752 1672 2788 nullam
1692 2751 1731 2786 in
1757 2750 1884 2787 Socie-

253 2820 329 2851 tate
365 2816 643 2862 praefecturam
675 2828 697 2852 a
728 2818 847 2852 nostri
882 2818 1027 2854 ordinis
1058 2821 1215 2853 auctore
1251 2817 1283 2852 ei
1321 2816 1569 2852 deferendam
1600 2825 1695 2850 esse.
1723 2814 1881 2860 Verum,

253 2878 376 2924 inquit
397 2879 649 2925 SACCHINUS‚
672 2876 741 2916 De
767 2876 856 2916 vita
883 2877 1058 2926 canisii,
1084 2890 1170 2926 pag.
1200 2889 1381 2926 109·110:
1417 2878 1636 2924 ‹Scripsere
1665 2876 1883 2912 testimonia

252 2942 359 2987 socii,
381 2944 447 2978 sed
469 2943 597 2988 qualia
618 2943 680 2978 ille
703 2943 917 2978 merebatur
938 2943 1076 2989 potius,
1107 2954 1220 2989 quam
1249 2943 1414 2983 volebat,
1437 2943 1550 2989 plena
1579 2939 1879 2976 commendatio-

253 3004 311 3040 nis
332 3009 368 3039 et
389 3005 551 3041 laudis».
575 3005 687 3051 Apud
709 3003 1050 3051 BRAUNSBERGER,
1078 3002 1164 3042 Bti.
1193 3001 1360 3043 Canisz'i
1381 3001 1585 3054 epistulae
1605 3006 1649 3040 et
1664 3005 1773 3048 acta,
1804 3006 1830 3041 t.
1851 3010 1878 3049 1,

252 3075 337 3112 pag.
361 3067 451 3114 645.
476 3067 534 3105 Cf.
558 3067 765 3111 PoLANco,
788 3071 811 3103 t.
834 3075 891 3114 v1‚
913 3079 1000 3114 pag.
1021 3068 1111 3114 387,
1134 3078 1167 3103 n.
1195 3067 1308 3113 1638,
1334 3067 1447 3119 1639.

304 3126 320 3151 ‘²
376 3129 415 3166 P.
436 3129 612 3166 V1RG1L11
632 3129 824 3166 MARONJS
849 3127 1057 3167 Aeneidos
1076 3137 1132 3175 vr,
1155 3130 1243 3176 625.
